%YAML 1.1
%TAG !u! tag:unity3d.com,2011:
--- !u!29 &1
OcclusionCullingSettings:
  m_ObjectHideFlags: 0
  serializedVersion: 2
  m_OcclusionBakeSettings:
    smallestOccluder: 5
    smallestHole: 0.25
    backfaceThreshold: 100
  m_SceneGUID: 00000000000000000000000000000000
  m_OcclusionCullingData: {fileID: 0}
--- !u!104 &2
RenderSettings:
  m_ObjectHideFlags: 0
  serializedVersion: 9
  m_Fog: 0
  m_FogColor: {r: 0.5, g: 0.5, b: 0.5, a: 1}
  m_FogMode: 3
  m_FogDensity: 0.01
  m_LinearFogStart: 0
  m_LinearFogEnd: 300
  m_AmbientSkyColor: {r: 0.212, g: 0.227, b: 0.259, a: 1}
  m_AmbientEquatorColor: {r: 0.114, g: 0.125, b: 0.133, a: 1}
  m_AmbientGroundColor: {r: 0.047, g: 0.043, b: 0.035, a: 1}
  m_AmbientIntensity: 1
  m_AmbientMode: 0
  m_SubtractiveShadowColor: {r: 0.42, g: 0.478, b: 0.627, a: 1}
  m_SkyboxMaterial: {fileID: 10304, guid: 0000000000000000f000000000000000, type: 0}
  m_HaloStrength: 0.5
  m_FlareStrength: 1
  m_FlareFadeSpeed: 3
  m_HaloTexture: {fileID: 0}
  m_SpotCookie: {fileID: 10001, guid: 0000000000000000e000000000000000, type: 0}
  m_DefaultReflectionMode: 0
  m_DefaultReflectionResolution: 128
  m_ReflectionBounces: 1
  m_ReflectionIntensity: 1
  m_CustomReflection: {fileID: 0}
  m_Sun: {fileID: 705507994}
  m_IndirectSpecularColor: {r: 0, g: 0, b: 0, a: 1}
  m_UseRadianceAmbientProbe: 0
--- !u!157 &3
LightmapSettings:
  m_ObjectHideFlags: 0
  serializedVersion: 11
  m_GIWorkflowMode: 1
  m_GISettings:
    serializedVersion: 2
    m_BounceScale: 1
    m_IndirectOutputScale: 1
    m_AlbedoBoost: 1
    m_EnvironmentLightingMode: 0
    m_EnableBakedLightmaps: 1
    m_EnableRealtimeLightmaps: 1
  m_LightmapEditorSettings:
    serializedVersion: 12
    m_Resolution: 2
    m_BakeResolution: 40
    m_AtlasSize: 1024
    m_AO: 0
    m_AOMaxDistance: 1
    m_CompAOExponent: 1
    m_CompAOExponentDirect: 0
    m_ExtractAmbientOcclusion: 0
    m_Padding: 2
    m_LightmapParameters: {fileID: 0}
    m_LightmapsBakeMode: 1
    m_TextureCompression: 1
    m_FinalGather: 0
    m_FinalGatherFiltering: 1
    m_FinalGatherRayCount: 256
    m_ReflectionCompression: 2
    m_MixedBakeMode: 2
    m_BakeBackend: 1
    m_PVRSampling: 1
    m_PVRDirectSampleCount: 32
    m_PVRSampleCount: 500
    m_PVRBounces: 2
    m_PVREnvironmentSampleCount: 500
    m_PVREnvironmentReferencePointCount: 2048
    m_PVRFilteringMode: 2
    m_PVRDenoiserTypeDirect: 0
    m_PVRDenoiserTypeIndirect: 0
    m_PVRDenoiserTypeAO: 0
    m_PVRFilterTypeDirect: 0
    m_PVRFilterTypeIndirect: 0
    m_PVRFilterTypeAO: 0
    m_PVREnvironmentMIS: 0
    m_PVRCulling: 1
    m_PVRFilteringGaussRadiusDirect: 1
    m_PVRFilteringGaussRadiusIndirect: 5
    m_PVRFilteringGaussRadiusAO: 2
    m_PVRFilteringAtrousPositionSigmaDirect: 0.5
    m_PVRFilteringAtrousPositionSigmaIndirect: 2
    m_PVRFilteringAtrousPositionSigmaAO: 1
    m_ExportTrainingData: 0
    m_TrainingDataDestination: TrainingData
  m_LightingDataAsset: {fileID: 0}
  m_UseShadowmask: 1
--- !u!196 &4
NavMeshSettings:
  serializedVersion: 2
  m_ObjectHideFlags: 0
  m_BuildSettings:
    serializedVersion: 2
    agentTypeID: 0
    agentRadius: 0.5
    agentHeight: 2
    agentSlope: 45
    agentClimb: 0.4
    ledgeDropHeight: 0
    maxJumpAcrossDistance: 0
    minRegionArea: 2
    manualCellSize: 0
    cellSize: 0.16666667
    manualTileSize: 0
    tileSize: 256
    accuratePlacement: 0
    debug:
      m_Flags: 0
  m_NavMeshData: {fileID: 0}
--- !u!1001 &9513389
PrefabInstance:
  m_ObjectHideFlags: 0
  serializedVersion: 2
  m_Modification:
    m_TransformParent: {fileID: 0}
    m_Modifications:
    - target: {fileID: 100002, guid: e48c7d7ec43014ad882cf23f3bb48ac8, type: 3}
      propertyPath: m_Name
      value: Effect_01
      objectReference: {fileID: 0}
    - target: {fileID: 100002, guid: e48c7d7ec43014ad882cf23f3bb48ac8, type: 3}
      propertyPath: m_IsActive
      value: 0
      objectReference: {fileID: 0}
    - target: {fileID: 400002, guid: e48c7d7ec43014ad882cf23f3bb48ac8, type: 3}
      propertyPath: m_LocalPosition.x
      value: 14.286921
      objectReference: {fileID: 0}
    - target: {fileID: 400002, guid: e48c7d7ec43014ad882cf23f3bb48ac8, type: 3}
      propertyPath: m_LocalPosition.y
      value: 0.69
      objectReference: {fileID: 0}
    - target: {fileID: 400002, guid: e48c7d7ec43014ad882cf23f3bb48ac8, type: 3}
      propertyPath: m_LocalPosition.z
      value: 27.762833
      objectReference: {fileID: 0}
    - target: {fileID: 400002, guid: e48c7d7ec43014ad882cf23f3bb48ac8, type: 3}
      propertyPath: m_LocalRotation.x
      value: 0
      objectReference: {fileID: 0}
    - target: {fileID: 400002, guid: e48c7d7ec43014ad882cf23f3bb48ac8, type: 3}
      propertyPath: m_LocalRotation.y
      value: 0
      objectReference: {fileID: 0}
    - target: {fileID: 400002, guid: e48c7d7ec43014ad882cf23f3bb48ac8, type: 3}
      propertyPath: m_LocalRotation.z
      value: 0
      objectReference: {fileID: 0}
    - target: {fileID: 400002, guid: e48c7d7ec43014ad882cf23f3bb48ac8, type: 3}
      propertyPath: m_LocalRotation.w
      value: 1
      objectReference: {fileID: 0}
    - target: {fileID: 400002, guid: e48c7d7ec43014ad882cf23f3bb48ac8, type: 3}
      propertyPath: m_RootOrder
      value: 7
      objectReference: {fileID: 0}
    - target: {fileID: 400002, guid: e48c7d7ec43014ad882cf23f3bb48ac8, type: 3}
      propertyPath: m_LocalEulerAnglesHint.x
      value: 0
      objectReference: {fileID: 0}
    - target: {fileID: 400002, guid: e48c7d7ec43014ad882cf23f3bb48ac8, type: 3}
      propertyPath: m_LocalEulerAnglesHint.y
      value: 0
      objectReference: {fileID: 0}
    - target: {fileID: 400002, guid: e48c7d7ec43014ad882cf23f3bb48ac8, type: 3}
      propertyPath: m_LocalEulerAnglesHint.z
      value: 0
      objectReference: {fileID: 0}
    m_RemovedComponents: []
  m_SourcePrefab: {fileID: 100100000, guid: e48c7d7ec43014ad882cf23f3bb48ac8, type: 3}
--- !u!1001 &200402177
PrefabInstance:
  m_ObjectHideFlags: 0
  serializedVersion: 2
  m_Modification:
    m_TransformParent: {fileID: 1068395711}
    m_Modifications:
    - target: {fileID: -927199367670048503, guid: bb55a0fbffe28dd478155f91107fc474,
        type: 3}
      propertyPath: m_Name
      value: BaseTorreta
      objectReference: {fileID: 0}
    - target: {fileID: -4216859302048453862, guid: bb55a0fbffe28dd478155f91107fc474,
        type: 3}
      propertyPath: m_LocalPosition.x
      value: 0
      objectReference: {fileID: 0}
    - target: {fileID: -4216859302048453862, guid: bb55a0fbffe28dd478155f91107fc474,
        type: 3}
      propertyPath: m_LocalPosition.y
      value: 0
      objectReference: {fileID: 0}
    - target: {fileID: -4216859302048453862, guid: bb55a0fbffe28dd478155f91107fc474,
        type: 3}
      propertyPath: m_LocalPosition.z
      value: 0
      objectReference: {fileID: 0}
    - target: {fileID: -4216859302048453862, guid: bb55a0fbffe28dd478155f91107fc474,
        type: 3}
      propertyPath: m_LocalRotation.x
      value: -0
      objectReference: {fileID: 0}
    - target: {fileID: -4216859302048453862, guid: bb55a0fbffe28dd478155f91107fc474,
        type: 3}
      propertyPath: m_LocalRotation.y
      value: -0
      objectReference: {fileID: 0}
    - target: {fileID: -4216859302048453862, guid: bb55a0fbffe28dd478155f91107fc474,
        type: 3}
      propertyPath: m_LocalRotation.z
      value: -0
      objectReference: {fileID: 0}
    - target: {fileID: -4216859302048453862, guid: bb55a0fbffe28dd478155f91107fc474,
        type: 3}
      propertyPath: m_LocalRotation.w
      value: 1
      objectReference: {fileID: 0}
    - target: {fileID: -4216859302048453862, guid: bb55a0fbffe28dd478155f91107fc474,
        type: 3}
      propertyPath: m_RootOrder
      value: 1
      objectReference: {fileID: 0}
    - target: {fileID: -4216859302048453862, guid: bb55a0fbffe28dd478155f91107fc474,
        type: 3}
      propertyPath: m_LocalEulerAnglesHint.x
      value: 0
      objectReference: {fileID: 0}
    - target: {fileID: -4216859302048453862, guid: bb55a0fbffe28dd478155f91107fc474,
        type: 3}
      propertyPath: m_LocalEulerAnglesHint.y
      value: 0
      objectReference: {fileID: 0}
    - target: {fileID: -4216859302048453862, guid: bb55a0fbffe28dd478155f91107fc474,
        type: 3}
      propertyPath: m_LocalEulerAnglesHint.z
      value: 0
      objectReference: {fileID: 0}
    m_RemovedComponents: []
  m_SourcePrefab: {fileID: 100100000, guid: bb55a0fbffe28dd478155f91107fc474, type: 3}
--- !u!1001 &221478392
PrefabInstance:
  m_ObjectHideFlags: 0
  serializedVersion: 2
  m_Modification:
    m_TransformParent: {fileID: 0}
    m_Modifications:
    - target: {fileID: 100002, guid: c17698f595aa942cab4326f0ffaf25c2, type: 3}
      propertyPath: m_Name
      value: Effect_03
      objectReference: {fileID: 0}
    - target: {fileID: 100002, guid: c17698f595aa942cab4326f0ffaf25c2, type: 3}
      propertyPath: m_IsActive
      value: 0
      objectReference: {fileID: 0}
    - target: {fileID: 400002, guid: c17698f595aa942cab4326f0ffaf25c2, type: 3}
      propertyPath: m_LocalPosition.x
      value: 14.679575
      objectReference: {fileID: 0}
    - target: {fileID: 400002, guid: c17698f595aa942cab4326f0ffaf25c2, type: 3}
      propertyPath: m_LocalPosition.y
      value: 0.75
      objectReference: {fileID: 0}
    - target: {fileID: 400002, guid: c17698f595aa942cab4326f0ffaf25c2, type: 3}
      propertyPath: m_LocalPosition.z
      value: 26.543627
      objectReference: {fileID: 0}
    - target: {fileID: 400002, guid: c17698f595aa942cab4326f0ffaf25c2, type: 3}
      propertyPath: m_LocalRotation.x
      value: 0
      objectReference: {fileID: 0}
    - target: {fileID: 400002, guid: c17698f595aa942cab4326f0ffaf25c2, type: 3}
      propertyPath: m_LocalRotation.y
      value: 0
      objectReference: {fileID: 0}
    - target: {fileID: 400002, guid: c17698f595aa942cab4326f0ffaf25c2, type: 3}
      propertyPath: m_LocalRotation.z
      value: 0
      objectReference: {fileID: 0}
    - target: {fileID: 400002, guid: c17698f595aa942cab4326f0ffaf25c2, type: 3}
      propertyPath: m_LocalRotation.w
      value: 1
      objectReference: {fileID: 0}
    - target: {fileID: 400002, guid: c17698f595aa942cab4326f0ffaf25c2, type: 3}
      propertyPath: m_RootOrder
      value: 9
      objectReference: {fileID: 0}
    - target: {fileID: 400002, guid: c17698f595aa942cab4326f0ffaf25c2, type: 3}
      propertyPath: m_LocalEulerAnglesHint.x
      value: 0
      objectReference: {fileID: 0}
    - target: {fileID: 400002, guid: c17698f595aa942cab4326f0ffaf25c2, type: 3}
      propertyPath: m_LocalEulerAnglesHint.y
      value: 0
      objectReference: {fileID: 0}
    - target: {fileID: 400002, guid: c17698f595aa942cab4326f0ffaf25c2, type: 3}
      propertyPath: m_LocalEulerAnglesHint.z
      value: 0
      objectReference: {fileID: 0}
    - target: {fileID: 400002, guid: c17698f595aa942cab4326f0ffaf25c2, type: 3}
      propertyPath: m_LocalScale.x
      value: 1
      objectReference: {fileID: 0}
    - target: {fileID: 400002, guid: c17698f595aa942cab4326f0ffaf25c2, type: 3}
      propertyPath: m_LocalScale.y
      value: 1
      objectReference: {fileID: 0}
    - target: {fileID: 400002, guid: c17698f595aa942cab4326f0ffaf25c2, type: 3}
      propertyPath: m_LocalScale.z
      value: 1
      objectReference: {fileID: 0}
    m_RemovedComponents: []
  m_SourcePrefab: {fileID: 100100000, guid: c17698f595aa942cab4326f0ffaf25c2, type: 3}
--- !u!1 &255170471
GameObject:
  m_ObjectHideFlags: 0
  m_CorrespondingSourceObject: {fileID: 0}
  m_PrefabInstance: {fileID: 0}
  m_PrefabAsset: {fileID: 0}
  serializedVersion: 6
  m_Component:
  - component: {fileID: 255170472}
  m_Layer: 0
  m_Name: LugarDisparo
  m_TagString: Untagged
  m_Icon: {fileID: 0}
  m_NavMeshLayer: 0
  m_StaticEditorFlags: 0
  m_IsActive: 1
--- !u!4 &255170472
Transform:
  m_ObjectHideFlags: 0
  m_CorrespondingSourceObject: {fileID: 0}
  m_PrefabInstance: {fileID: 0}
  m_PrefabAsset: {fileID: 0}
  m_GameObject: {fileID: 255170471}
  m_LocalRotation: {x: 0.08126073, y: -0, z: -0, w: 0.99669296}
  m_LocalPosition: {x: -0.08, y: -1.06, z: 5.3}
  m_LocalScale: {x: 1, y: 1, z: 1}
  m_Children: []
  m_Father: {fileID: 1780293526}
  m_RootOrder: 1
  m_LocalEulerAnglesHint: {x: 9.3220005, y: 0, z: 0}
--- !u!4 &280716472 stripped
Transform:
  m_CorrespondingSourceObject: {fileID: -4216859302048453862, guid: d316caeebdb34dc4793d89c000eecc49,
    type: 3}
  m_PrefabInstance: {fileID: 925145958}
  m_PrefabAsset: {fileID: 0}
--- !u!1001 &289817038
PrefabInstance:
  m_ObjectHideFlags: 0
  serializedVersion: 2
  m_Modification:
    m_TransformParent: {fileID: 0}
    m_Modifications:
    - target: {fileID: 100000, guid: 6746092d79f3e4fe1bfa983603238e26, type: 3}
      propertyPath: m_Name
      value: Effect_05
      objectReference: {fileID: 0}
    - target: {fileID: 100000, guid: 6746092d79f3e4fe1bfa983603238e26, type: 3}
      propertyPath: m_IsActive
      value: 0
      objectReference: {fileID: 0}
    - target: {fileID: 400000, guid: 6746092d79f3e4fe1bfa983603238e26, type: 3}
      propertyPath: m_LocalPosition.x
      value: 13.89
      objectReference: {fileID: 0}
    - target: {fileID: 400000, guid: 6746092d79f3e4fe1bfa983603238e26, type: 3}
      propertyPath: m_LocalPosition.y
      value: 0.54
      objectReference: {fileID: 0}
    - target: {fileID: 400000, guid: 6746092d79f3e4fe1bfa983603238e26, type: 3}
      propertyPath: m_LocalPosition.z
      value: 31.67
      objectReference: {fileID: 0}
    - target: {fileID: 400000, guid: 6746092d79f3e4fe1bfa983603238e26, type: 3}
      propertyPath: m_LocalRotation.x
      value: 0
      objectReference: {fileID: 0}
    - target: {fileID: 400000, guid: 6746092d79f3e4fe1bfa983603238e26, type: 3}
      propertyPath: m_LocalRotation.y
      value: 0
      objectReference: {fileID: 0}
    - target: {fileID: 400000, guid: 6746092d79f3e4fe1bfa983603238e26, type: 3}
      propertyPath: m_LocalRotation.z
      value: 0
      objectReference: {fileID: 0}
    - target: {fileID: 400000, guid: 6746092d79f3e4fe1bfa983603238e26, type: 3}
      propertyPath: m_LocalRotation.w
      value: 1
      objectReference: {fileID: 0}
    - target: {fileID: 400000, guid: 6746092d79f3e4fe1bfa983603238e26, type: 3}
      propertyPath: m_RootOrder
      value: 5
      objectReference: {fileID: 0}
    - target: {fileID: 400000, guid: 6746092d79f3e4fe1bfa983603238e26, type: 3}
      propertyPath: m_LocalEulerAnglesHint.x
      value: 0
      objectReference: {fileID: 0}
    - target: {fileID: 400000, guid: 6746092d79f3e4fe1bfa983603238e26, type: 3}
      propertyPath: m_LocalEulerAnglesHint.y
      value: 0
      objectReference: {fileID: 0}
    - target: {fileID: 400000, guid: 6746092d79f3e4fe1bfa983603238e26, type: 3}
      propertyPath: m_LocalEulerAnglesHint.z
      value: 0
      objectReference: {fileID: 0}
    m_RemovedComponents: []
  m_SourcePrefab: {fileID: 100100000, guid: 6746092d79f3e4fe1bfa983603238e26, type: 3}
--- !u!1 &351004795
GameObject:
  m_ObjectHideFlags: 0
  m_CorrespondingSourceObject: {fileID: 0}
  m_PrefabInstance: {fileID: 0}
  m_PrefabAsset: {fileID: 0}
  serializedVersion: 6
  m_Component:
  - component: {fileID: 351004800}
  - component: {fileID: 351004799}
  - component: {fileID: 351004798}
  - component: {fileID: 351004797}
  - component: {fileID: 351004796}
  m_Layer: 0
  m_Name: Cube
  m_TagString: Untagged
  m_Icon: {fileID: 0}
  m_NavMeshLayer: 0
  m_StaticEditorFlags: 0
  m_IsActive: 1
--- !u!54 &351004796
Rigidbody:
  m_ObjectHideFlags: 0
  m_CorrespondingSourceObject: {fileID: 0}
  m_PrefabInstance: {fileID: 0}
  m_PrefabAsset: {fileID: 0}
  m_GameObject: {fileID: 351004795}
  serializedVersion: 2
  m_Mass: 1
  m_Drag: 0
  m_AngularDrag: 0.05
  m_UseGravity: 1
  m_IsKinematic: 0
  m_Interpolate: 0
  m_Constraints: 0
  m_CollisionDetection: 0
--- !u!65 &351004797
BoxCollider:
  m_ObjectHideFlags: 0
  m_CorrespondingSourceObject: {fileID: 0}
  m_PrefabInstance: {fileID: 0}
  m_PrefabAsset: {fileID: 0}
  m_GameObject: {fileID: 351004795}
  m_Material: {fileID: 0}
  m_IsTrigger: 0
  m_Enabled: 1
  serializedVersion: 2
  m_Size: {x: 1, y: 1, z: 1}
  m_Center: {x: 0, y: 0, z: 0}
--- !u!23 &351004798
MeshRenderer:
  m_ObjectHideFlags: 0
  m_CorrespondingSourceObject: {fileID: 0}
  m_PrefabInstance: {fileID: 0}
  m_PrefabAsset: {fileID: 0}
  m_GameObject: {fileID: 351004795}
  m_Enabled: 1
  m_CastShadows: 1
  m_ReceiveShadows: 1
  m_DynamicOccludee: 1
  m_MotionVectors: 1
  m_LightProbeUsage: 1
  m_ReflectionProbeUsage: 1
  m_RenderingLayerMask: 1
  m_RendererPriority: 0
  m_Materials:
  - {fileID: 10303, guid: 0000000000000000f000000000000000, type: 0}
  m_StaticBatchInfo:
    firstSubMesh: 0
    subMeshCount: 0
  m_StaticBatchRoot: {fileID: 0}
  m_ProbeAnchor: {fileID: 0}
  m_LightProbeVolumeOverride: {fileID: 0}
  m_ScaleInLightmap: 1
  m_ReceiveGI: 1
  m_PreserveUVs: 0
  m_IgnoreNormalsForChartDetection: 0
  m_ImportantGI: 0
  m_StitchLightmapSeams: 1
  m_SelectedEditorRenderState: 3
  m_MinimumChartSize: 4
  m_AutoUVMaxDistance: 0.5
  m_AutoUVMaxAngle: 89
  m_LightmapParameters: {fileID: 0}
  m_SortingLayerID: 0
  m_SortingLayer: 0
  m_SortingOrder: 0
--- !u!33 &351004799
MeshFilter:
  m_ObjectHideFlags: 0
  m_CorrespondingSourceObject: {fileID: 0}
  m_PrefabInstance: {fileID: 0}
  m_PrefabAsset: {fileID: 0}
  m_GameObject: {fileID: 351004795}
  m_Mesh: {fileID: 10202, guid: 0000000000000000e000000000000000, type: 0}
--- !u!4 &351004800
Transform:
  m_ObjectHideFlags: 0
  m_CorrespondingSourceObject: {fileID: 0}
  m_PrefabInstance: {fileID: 0}
  m_PrefabAsset: {fileID: 0}
  m_GameObject: {fileID: 351004795}
  m_LocalRotation: {x: 0, y: 0, z: 0, w: 1}
  m_LocalPosition: {x: 23.04, y: 0.24, z: 24.83}
  m_LocalScale: {x: 0.44061, y: 0.44061, z: 0.44061}
  m_Children: []
  m_Father: {fileID: 0}
  m_RootOrder: 12
  m_LocalEulerAnglesHint: {x: 0, y: 0, z: 0}
--- !u!1 &379903153
GameObject:
  m_ObjectHideFlags: 0
  m_CorrespondingSourceObject: {fileID: 0}
  m_PrefabInstance: {fileID: 0}
  m_PrefabAsset: {fileID: 0}
  serializedVersion: 6
  m_Component:
  - component: {fileID: 379903156}
  - component: {fileID: 379903155}
  - component: {fileID: 379903154}
  m_Layer: 0
  m_Name: EventSystem
  m_TagString: Untagged
  m_Icon: {fileID: 0}
  m_NavMeshLayer: 0
  m_StaticEditorFlags: 0
  m_IsActive: 1
--- !u!114 &379903154
MonoBehaviour:
  m_ObjectHideFlags: 0
  m_CorrespondingSourceObject: {fileID: 0}
  m_PrefabInstance: {fileID: 0}
  m_PrefabAsset: {fileID: 0}
  m_GameObject: {fileID: 379903153}
  m_Enabled: 1
  m_EditorHideFlags: 0
  m_Script: {fileID: 11500000, guid: 4f231c4fb786f3946a6b90b886c48677, type: 3}
  m_Name: 
  m_EditorClassIdentifier: 
  m_HorizontalAxis: Horizontal
  m_VerticalAxis: Vertical
  m_SubmitButton: Submit
  m_CancelButton: Cancel
  m_InputActionsPerSecond: 10
  m_RepeatDelay: 0.5
  m_ForceModuleActive: 0
--- !u!114 &379903155
MonoBehaviour:
  m_ObjectHideFlags: 0
  m_CorrespondingSourceObject: {fileID: 0}
  m_PrefabInstance: {fileID: 0}
  m_PrefabAsset: {fileID: 0}
  m_GameObject: {fileID: 379903153}
  m_Enabled: 1
  m_EditorHideFlags: 0
  m_Script: {fileID: 11500000, guid: 76c392e42b5098c458856cdf6ecaaaa1, type: 3}
  m_Name: 
  m_EditorClassIdentifier: 
  m_FirstSelected: {fileID: 0}
  m_sendNavigationEvents: 1
  m_DragThreshold: 10
--- !u!4 &379903156
Transform:
  m_ObjectHideFlags: 0
  m_CorrespondingSourceObject: {fileID: 0}
  m_PrefabInstance: {fileID: 0}
  m_PrefabAsset: {fileID: 0}
  m_GameObject: {fileID: 379903153}
  m_LocalRotation: {x: 0, y: 0, z: 0, w: 1}
  m_LocalPosition: {x: 0, y: 0, z: 0}
  m_LocalScale: {x: 1, y: 1, z: 1}
  m_Children: []
  m_Father: {fileID: 0}
  m_RootOrder: 20
  m_LocalEulerAnglesHint: {x: 0, y: 0, z: 0}
--- !u!1 &409529963
GameObject:
  m_ObjectHideFlags: 0
  m_CorrespondingSourceObject: {fileID: 0}
  m_PrefabInstance: {fileID: 0}
  m_PrefabAsset: {fileID: 0}
  serializedVersion: 6
  m_Component:
  - component: {fileID: 409529967}
  - component: {fileID: 409529966}
  - component: {fileID: 409529965}
  - component: {fileID: 409529964}
  m_Layer: 5
  m_Name: Canvas
  m_TagString: Untagged
  m_Icon: {fileID: 0}
  m_NavMeshLayer: 0
  m_StaticEditorFlags: 0
  m_IsActive: 1
--- !u!114 &409529964
MonoBehaviour:
  m_ObjectHideFlags: 0
  m_CorrespondingSourceObject: {fileID: 0}
  m_PrefabInstance: {fileID: 0}
  m_PrefabAsset: {fileID: 0}
  m_GameObject: {fileID: 409529963}
  m_Enabled: 1
  m_EditorHideFlags: 0
  m_Script: {fileID: 11500000, guid: dc42784cf147c0c48a680349fa168899, type: 3}
  m_Name: 
  m_EditorClassIdentifier: 
  m_IgnoreReversedGraphics: 1
  m_BlockingObjects: 0
  m_BlockingMask:
    serializedVersion: 2
    m_Bits: 4294967295
--- !u!114 &409529965
MonoBehaviour:
  m_ObjectHideFlags: 0
  m_CorrespondingSourceObject: {fileID: 0}
  m_PrefabInstance: {fileID: 0}
  m_PrefabAsset: {fileID: 0}
  m_GameObject: {fileID: 409529963}
  m_Enabled: 1
  m_EditorHideFlags: 0
  m_Script: {fileID: 11500000, guid: 0cd44c1031e13a943bb63640046fad76, type: 3}
  m_Name: 
  m_EditorClassIdentifier: 
  m_UiScaleMode: 0
  m_ReferencePixelsPerUnit: 100
  m_ScaleFactor: 1
  m_ReferenceResolution: {x: 800, y: 600}
  m_ScreenMatchMode: 0
  m_MatchWidthOrHeight: 0
  m_PhysicalUnit: 3
  m_FallbackScreenDPI: 96
  m_DefaultSpriteDPI: 96
  m_DynamicPixelsPerUnit: 1
--- !u!223 &409529966
Canvas:
  m_ObjectHideFlags: 0
  m_CorrespondingSourceObject: {fileID: 0}
  m_PrefabInstance: {fileID: 0}
  m_PrefabAsset: {fileID: 0}
  m_GameObject: {fileID: 409529963}
  m_Enabled: 1
  serializedVersion: 3
  m_RenderMode: 0
  m_Camera: {fileID: 0}
  m_PlaneDistance: 100
  m_PixelPerfect: 0
  m_ReceivesEvents: 1
  m_OverrideSorting: 0
  m_OverridePixelPerfect: 0
  m_SortingBucketNormalizedSize: 0
  m_AdditionalShaderChannelsFlag: 0
  m_SortingLayerID: 0
  m_SortingOrder: 0
  m_TargetDisplay: 0
--- !u!224 &409529967
RectTransform:
  m_ObjectHideFlags: 0
  m_CorrespondingSourceObject: {fileID: 0}
  m_PrefabInstance: {fileID: 0}
  m_PrefabAsset: {fileID: 0}
  m_GameObject: {fileID: 409529963}
  m_LocalRotation: {x: 0, y: 0, z: 0, w: 1}
  m_LocalPosition: {x: 0, y: 0, z: 0}
  m_LocalScale: {x: 0, y: 0, z: 0}
  m_Children:
  - {fileID: 1997773209}
  m_Father: {fileID: 0}
  m_RootOrder: 19
  m_LocalEulerAnglesHint: {x: 0, y: 0, z: 0}
  m_AnchorMin: {x: 0, y: 0}
  m_AnchorMax: {x: 0, y: 0}
  m_AnchoredPosition: {x: 0, y: 0}
  m_SizeDelta: {x: 0, y: 0}
  m_Pivot: {x: 0, y: 0}
--- !u!1001 &426395134
PrefabInstance:
  m_ObjectHideFlags: 0
  serializedVersion: 2
  m_Modification:
    m_TransformParent: {fileID: 553215738}
    m_Modifications:
    - target: {fileID: -927199367670048503, guid: d316caeebdb34dc4793d89c000eecc49,
        type: 3}
      propertyPath: m_Name
      value: ArribaTorreta
      objectReference: {fileID: 0}
    - target: {fileID: -4216859302048453862, guid: d316caeebdb34dc4793d89c000eecc49,
        type: 3}
      propertyPath: m_LocalPosition.x
      value: 0
      objectReference: {fileID: 0}
    - target: {fileID: -4216859302048453862, guid: d316caeebdb34dc4793d89c000eecc49,
        type: 3}
      propertyPath: m_LocalPosition.y
      value: 0
      objectReference: {fileID: 0}
    - target: {fileID: -4216859302048453862, guid: d316caeebdb34dc4793d89c000eecc49,
        type: 3}
      propertyPath: m_LocalPosition.z
      value: 0
      objectReference: {fileID: 0}
    - target: {fileID: -4216859302048453862, guid: d316caeebdb34dc4793d89c000eecc49,
        type: 3}
      propertyPath: m_LocalRotation.x
      value: 0.061628457
      objectReference: {fileID: 0}
    - target: {fileID: -4216859302048453862, guid: d316caeebdb34dc4793d89c000eecc49,
        type: 3}
      propertyPath: m_LocalRotation.y
      value: 0.7044161
      objectReference: {fileID: 0}
    - target: {fileID: -4216859302048453862, guid: d316caeebdb34dc4793d89c000eecc49,
        type: 3}
      propertyPath: m_LocalRotation.z
      value: 0.061628457
      objectReference: {fileID: 0}
    - target: {fileID: -4216859302048453862, guid: d316caeebdb34dc4793d89c000eecc49,
        type: 3}
      propertyPath: m_LocalRotation.w
      value: 0.7044161
      objectReference: {fileID: 0}
    - target: {fileID: -4216859302048453862, guid: d316caeebdb34dc4793d89c000eecc49,
        type: 3}
      propertyPath: m_RootOrder
      value: 0
      objectReference: {fileID: 0}
    - target: {fileID: -4216859302048453862, guid: d316caeebdb34dc4793d89c000eecc49,
        type: 3}
      propertyPath: m_LocalEulerAnglesHint.x
      value: 0
      objectReference: {fileID: 0}
    - target: {fileID: -4216859302048453862, guid: d316caeebdb34dc4793d89c000eecc49,
        type: 3}
      propertyPath: m_LocalEulerAnglesHint.y
      value: 0
      objectReference: {fileID: 0}
    - target: {fileID: -4216859302048453862, guid: d316caeebdb34dc4793d89c000eecc49,
        type: 3}
      propertyPath: m_LocalEulerAnglesHint.z
      value: 0
      objectReference: {fileID: 0}
    - target: {fileID: -4216859302048453862, guid: d316caeebdb34dc4793d89c000eecc49,
        type: 3}
      propertyPath: m_LocalScale.x
      value: 1
      objectReference: {fileID: 0}
    - target: {fileID: -4216859302048453862, guid: d316caeebdb34dc4793d89c000eecc49,
        type: 3}
      propertyPath: m_LocalScale.z
      value: 1
      objectReference: {fileID: 0}
    m_RemovedComponents: []
  m_SourcePrefab: {fileID: 100100000, guid: d316caeebdb34dc4793d89c000eecc49, type: 3}
--- !u!1 &510010650
GameObject:
  m_ObjectHideFlags: 0
  m_CorrespondingSourceObject: {fileID: 0}
  m_PrefabInstance: {fileID: 0}
  m_PrefabAsset: {fileID: 0}
  serializedVersion: 6
  m_Component:
  - component: {fileID: 510010651}
  m_Layer: 0
  m_Name: LugarDisparo
  m_TagString: Untagged
  m_Icon: {fileID: 0}
  m_NavMeshLayer: 0
  m_StaticEditorFlags: 0
  m_IsActive: 1
--- !u!4 &510010651
Transform:
  m_ObjectHideFlags: 0
  m_CorrespondingSourceObject: {fileID: 0}
  m_PrefabInstance: {fileID: 0}
  m_PrefabAsset: {fileID: 0}
  m_GameObject: {fileID: 510010650}
  m_LocalRotation: {x: -0, y: -0, z: -0, w: 1}
  m_LocalPosition: {x: 0.25699997, y: -0.42000002, z: 0}
  m_LocalScale: {x: 1, y: 1, z: 1}
  m_Children: []
  m_Father: {fileID: 2103287786}
  m_RootOrder: 0
  m_LocalEulerAnglesHint: {x: 0, y: 0, z: 0}
--- !u!1 &553215737
GameObject:
  m_ObjectHideFlags: 0
  m_CorrespondingSourceObject: {fileID: 0}
  m_PrefabInstance: {fileID: 0}
  m_PrefabAsset: {fileID: 0}
  serializedVersion: 6
  m_Component:
  - component: {fileID: 553215738}
  m_Layer: 0
  m_Name: parteDeArriba
  m_TagString: Untagged
  m_Icon: {fileID: 0}
  m_NavMeshLayer: 0
  m_StaticEditorFlags: 0
  m_IsActive: 1
--- !u!4 &553215738
Transform:
  m_ObjectHideFlags: 0
  m_CorrespondingSourceObject: {fileID: 0}
  m_PrefabInstance: {fileID: 0}
  m_PrefabAsset: {fileID: 0}
  m_GameObject: {fileID: 553215737}
  m_LocalRotation: {x: -0.06162845, y: -0.70441604, z: -0.06162845, w: 0.70441604}
  m_LocalPosition: {x: 0, y: 2.85, z: 0}
  m_LocalScale: {x: 1, y: 1, z: 1}
  m_Children:
  - {fileID: 2048003634}
  - {fileID: 1532040141}
  m_Father: {fileID: 1068395711}
  m_RootOrder: 0
  m_LocalEulerAnglesHint: {x: -10, y: -90, z: 0}
--- !u!1 &594203435
GameObject:
  m_ObjectHideFlags: 0
  m_CorrespondingSourceObject: {fileID: 0}
  m_PrefabInstance: {fileID: 0}
  m_PrefabAsset: {fileID: 0}
  serializedVersion: 6
  m_Component:
  - component: {fileID: 594203442}
  - component: {fileID: 594203441}
  - component: {fileID: 594203440}
  - component: {fileID: 594203439}
  - component: {fileID: 594203438}
  - component: {fileID: 594203437}
  - component: {fileID: 594203436}
  m_Layer: 0
  m_Name: "Mu\xF1ecoDePruebas"
  m_TagString: Untagged
  m_Icon: {fileID: 0}
  m_NavMeshLayer: 0
  m_StaticEditorFlags: 0
  m_IsActive: 0
--- !u!114 &594203436
MonoBehaviour:
  m_ObjectHideFlags: 0
  m_CorrespondingSourceObject: {fileID: 0}
  m_PrefabInstance: {fileID: 0}
  m_PrefabAsset: {fileID: 0}
  m_GameObject: {fileID: 594203435}
  m_Enabled: 1
  m_EditorHideFlags: 0
  m_Script: {fileID: 11500000, guid: f6c1454a97213404f88da3247709f2dc, type: 3}
  m_Name: 
  m_EditorClassIdentifier: 
  weaponsPrueba: []
  current_Weapon_Index: 0
  armaQueTengo: 0
--- !u!114 &594203437
MonoBehaviour:
  m_ObjectHideFlags: 0
  m_CorrespondingSourceObject: {fileID: 0}
  m_PrefabInstance: {fileID: 0}
  m_PrefabAsset: {fileID: 0}
  m_GameObject: {fileID: 594203435}
  m_Enabled: 1
  m_EditorHideFlags: 0
  m_Script: {fileID: 11500000, guid: f7c3c385291be0045bcc72135d7c9c1d, type: 3}
  m_Name: 
  m_EditorClassIdentifier: 
  fireType: 0
--- !u!114 &594203438
MonoBehaviour:
  m_ObjectHideFlags: 0
  m_CorrespondingSourceObject: {fileID: 0}
  m_PrefabInstance: {fileID: 0}
  m_PrefabAsset: {fileID: 0}
  m_GameObject: {fileID: 594203435}
  m_Enabled: 1
  m_EditorHideFlags: 0
  m_Script: {fileID: 11500000, guid: 0e4e98b92242427408c14f66a204f563, type: 3}
  m_Name: 
  m_EditorClassIdentifier: 
  weapon_Manager: {fileID: 0}
  damage: 20
  balaStandar: {fileID: 0}
  balaExplosiva: {fileID: 0}
  fuerzaBalaStandar: 5
  fuerzaBalaExplosiva: 5
  nexFire: 0.5
  myTime: 0
  velocidadDisparo: 0.1
  lugarDisparo: {fileID: 0}
  lugarDisparoExplosivo: {fileID: 0}
  municion: {fileID: 0}
  camera: {fileID: 0}
  alcance: 500
--- !u!136 &594203439
CapsuleCollider:
  m_ObjectHideFlags: 0
  m_CorrespondingSourceObject: {fileID: 0}
  m_PrefabInstance: {fileID: 0}
  m_PrefabAsset: {fileID: 0}
  m_GameObject: {fileID: 594203435}
  m_Material: {fileID: 0}
  m_IsTrigger: 0
  m_Enabled: 1
  m_Radius: 0.5
  m_Height: 2
  m_Direction: 1
  m_Center: {x: 0, y: 0, z: 0}
--- !u!23 &594203440
MeshRenderer:
  m_ObjectHideFlags: 0
  m_CorrespondingSourceObject: {fileID: 0}
  m_PrefabInstance: {fileID: 0}
  m_PrefabAsset: {fileID: 0}
  m_GameObject: {fileID: 594203435}
  m_Enabled: 1
  m_CastShadows: 1
  m_ReceiveShadows: 1
  m_DynamicOccludee: 1
  m_MotionVectors: 1
  m_LightProbeUsage: 1
  m_ReflectionProbeUsage: 1
  m_RenderingLayerMask: 1
  m_RendererPriority: 0
  m_Materials:
  - {fileID: 10303, guid: 0000000000000000f000000000000000, type: 0}
  m_StaticBatchInfo:
    firstSubMesh: 0
    subMeshCount: 0
  m_StaticBatchRoot: {fileID: 0}
  m_ProbeAnchor: {fileID: 0}
  m_LightProbeVolumeOverride: {fileID: 0}
  m_ScaleInLightmap: 1
  m_ReceiveGI: 1
  m_PreserveUVs: 0
  m_IgnoreNormalsForChartDetection: 0
  m_ImportantGI: 0
  m_StitchLightmapSeams: 1
  m_SelectedEditorRenderState: 3
  m_MinimumChartSize: 4
  m_AutoUVMaxDistance: 0.5
  m_AutoUVMaxAngle: 89
  m_LightmapParameters: {fileID: 0}
  m_SortingLayerID: 0
  m_SortingLayer: 0
  m_SortingOrder: 0
--- !u!33 &594203441
MeshFilter:
  m_ObjectHideFlags: 0
  m_CorrespondingSourceObject: {fileID: 0}
  m_PrefabInstance: {fileID: 0}
  m_PrefabAsset: {fileID: 0}
  m_GameObject: {fileID: 594203435}
  m_Mesh: {fileID: 10208, guid: 0000000000000000e000000000000000, type: 0}
--- !u!4 &594203442
Transform:
  m_ObjectHideFlags: 0
  m_CorrespondingSourceObject: {fileID: 0}
  m_PrefabInstance: {fileID: 0}
  m_PrefabAsset: {fileID: 0}
  m_GameObject: {fileID: 594203435}
  m_LocalRotation: {x: 0, y: 0, z: 0, w: 1}
  m_LocalPosition: {x: 27.643372, y: 1.1, z: 13.427251}
  m_LocalScale: {x: 1, y: 1, z: 1}
  m_Children: []
  m_Father: {fileID: 0}
  m_RootOrder: 14
  m_LocalEulerAnglesHint: {x: 0, y: 0, z: 0}
--- !u!1 &605098280
GameObject:
  m_ObjectHideFlags: 0
  m_CorrespondingSourceObject: {fileID: 0}
  m_PrefabInstance: {fileID: 0}
  m_PrefabAsset: {fileID: 0}
  serializedVersion: 6
  m_Component:
  - component: {fileID: 605098284}
  - component: {fileID: 605098283}
  - component: {fileID: 605098282}
  - component: {fileID: 605098281}
  m_Layer: 0
  m_Name: PruebaDeCogerMunicion
  m_TagString: municionStandar
  m_Icon: {fileID: 0}
  m_NavMeshLayer: 0
  m_StaticEditorFlags: 0
  m_IsActive: 1
--- !u!65 &605098281
BoxCollider:
  m_ObjectHideFlags: 0
  m_CorrespondingSourceObject: {fileID: 0}
  m_PrefabInstance: {fileID: 0}
  m_PrefabAsset: {fileID: 0}
  m_GameObject: {fileID: 605098280}
  m_Material: {fileID: 0}
  m_IsTrigger: 1
  m_Enabled: 1
  serializedVersion: 2
  m_Size: {x: 2.0047245, y: 1.4266071, z: 1.867321}
  m_Center: {x: 0.0044031143, y: 0.10273743, z: -0.037778854}
--- !u!23 &605098282
MeshRenderer:
  m_ObjectHideFlags: 0
  m_CorrespondingSourceObject: {fileID: 0}
  m_PrefabInstance: {fileID: 0}
  m_PrefabAsset: {fileID: 0}
  m_GameObject: {fileID: 605098280}
  m_Enabled: 1
  m_CastShadows: 1
  m_ReceiveShadows: 1
  m_DynamicOccludee: 1
  m_MotionVectors: 1
  m_LightProbeUsage: 1
  m_ReflectionProbeUsage: 1
  m_RenderingLayerMask: 1
  m_RendererPriority: 0
  m_Materials:
  - {fileID: 10303, guid: 0000000000000000f000000000000000, type: 0}
  m_StaticBatchInfo:
    firstSubMesh: 0
    subMeshCount: 0
  m_StaticBatchRoot: {fileID: 0}
  m_ProbeAnchor: {fileID: 0}
  m_LightProbeVolumeOverride: {fileID: 0}
  m_ScaleInLightmap: 1
  m_ReceiveGI: 1
  m_PreserveUVs: 0
  m_IgnoreNormalsForChartDetection: 0
  m_ImportantGI: 0
  m_StitchLightmapSeams: 1
  m_SelectedEditorRenderState: 3
  m_MinimumChartSize: 4
  m_AutoUVMaxDistance: 0.5
  m_AutoUVMaxAngle: 89
  m_LightmapParameters: {fileID: 0}
  m_SortingLayerID: 0
  m_SortingLayer: 0
  m_SortingOrder: 0
--- !u!33 &605098283
MeshFilter:
  m_ObjectHideFlags: 0
  m_CorrespondingSourceObject: {fileID: 0}
  m_PrefabInstance: {fileID: 0}
  m_PrefabAsset: {fileID: 0}
  m_GameObject: {fileID: 605098280}
  m_Mesh: {fileID: 10202, guid: 0000000000000000e000000000000000, type: 0}
--- !u!4 &605098284
Transform:
  m_ObjectHideFlags: 0
  m_CorrespondingSourceObject: {fileID: 0}
  m_PrefabInstance: {fileID: 0}
  m_PrefabAsset: {fileID: 0}
  m_GameObject: {fileID: 605098280}
  m_LocalRotation: {x: 0, y: 0, z: 0, w: 1}
  m_LocalPosition: {x: 23.63, y: 0.73, z: 21.85}
  m_LocalScale: {x: 1, y: 1, z: 1}
  m_Children: []
  m_Father: {fileID: 0}
  m_RootOrder: 13
  m_LocalEulerAnglesHint: {x: 0, y: 0, z: 0}
--- !u!1 &704455509
GameObject:
  m_ObjectHideFlags: 0
  m_CorrespondingSourceObject: {fileID: 0}
  m_PrefabInstance: {fileID: 0}
  m_PrefabAsset: {fileID: 0}
  serializedVersion: 6
  m_Component:
  - component: {fileID: 704455511}
  - component: {fileID: 704455510}
  m_Layer: 0
  m_Name: ArmaExplosiva
  m_TagString: Untagged
  m_Icon: {fileID: 0}
  m_NavMeshLayer: 0
  m_StaticEditorFlags: 0
  m_IsActive: 1
--- !u!114 &704455510
MonoBehaviour:
  m_ObjectHideFlags: 0
  m_CorrespondingSourceObject: {fileID: 0}
  m_PrefabInstance: {fileID: 0}
  m_PrefabAsset: {fileID: 0}
  m_GameObject: {fileID: 704455509}
  m_Enabled: 1
  m_EditorHideFlags: 0
  m_Script: {fileID: 11500000, guid: f7c3c385291be0045bcc72135d7c9c1d, type: 3}
  m_Name: 
  m_EditorClassIdentifier: 
  fireType: 2
--- !u!4 &704455511
Transform:
  m_ObjectHideFlags: 0
  m_CorrespondingSourceObject: {fileID: 0}
  m_PrefabInstance: {fileID: 0}
  m_PrefabAsset: {fileID: 0}
  m_GameObject: {fileID: 704455509}
  m_LocalRotation: {x: -0, y: -0, z: -0, w: 1}
  m_LocalPosition: {x: 0, y: 0, z: 0}
  m_LocalScale: {x: 1, y: 1, z: 1}
  m_Children: []
  m_Father: {fileID: 2103287786}
  m_RootOrder: 3
  m_LocalEulerAnglesHint: {x: 0, y: 0, z: 0}
--- !u!1 &705507993
GameObject:
  m_ObjectHideFlags: 0
  m_CorrespondingSourceObject: {fileID: 0}
  m_PrefabInstance: {fileID: 0}
  m_PrefabAsset: {fileID: 0}
  serializedVersion: 6
  m_Component:
  - component: {fileID: 705507995}
  - component: {fileID: 705507994}
  m_Layer: 0
  m_Name: Directional Light
  m_TagString: Untagged
  m_Icon: {fileID: 0}
  m_NavMeshLayer: 0
  m_StaticEditorFlags: 0
  m_IsActive: 1
--- !u!108 &705507994
Light:
  m_ObjectHideFlags: 0
  m_CorrespondingSourceObject: {fileID: 0}
  m_PrefabInstance: {fileID: 0}
  m_PrefabAsset: {fileID: 0}
  m_GameObject: {fileID: 705507993}
  m_Enabled: 1
  serializedVersion: 9
  m_Type: 1
  m_Color: {r: 1, g: 0.95686275, b: 0.8392157, a: 1}
  m_Intensity: 1
  m_Range: 10
  m_SpotAngle: 30
  m_InnerSpotAngle: 21.80208
  m_CookieSize: 10
  m_Shadows:
    m_Type: 2
    m_Resolution: -1
    m_CustomResolution: -1
    m_Strength: 1
    m_Bias: 0.05
    m_NormalBias: 0.4
    m_NearPlane: 0.2
    m_CullingMatrixOverride:
      e00: 1
      e01: 0
      e02: 0
      e03: 0
      e10: 0
      e11: 1
      e12: 0
      e13: 0
      e20: 0
      e21: 0
      e22: 1
      e23: 0
      e30: 0
      e31: 0
      e32: 0
      e33: 1
    m_UseCullingMatrixOverride: 0
  m_Cookie: {fileID: 0}
  m_DrawHalo: 0
  m_Flare: {fileID: 0}
  m_RenderMode: 0
  m_CullingMask:
    serializedVersion: 2
    m_Bits: 4294967295
  m_RenderingLayerMask: 1
  m_Lightmapping: 1
  m_LightShadowCasterMode: 0
  m_AreaSize: {x: 1, y: 1}
  m_BounceIntensity: 1
  m_ColorTemperature: 6570
  m_UseColorTemperature: 0
  m_BoundingSphereOverride: {x: 0, y: 0, z: 0, w: 0}
  m_UseBoundingSphereOverride: 0
  m_ShadowRadius: 0
  m_ShadowAngle: 0
--- !u!4 &705507995
Transform:
  m_ObjectHideFlags: 0
  m_CorrespondingSourceObject: {fileID: 0}
  m_PrefabInstance: {fileID: 0}
  m_PrefabAsset: {fileID: 0}
  m_GameObject: {fileID: 705507993}
  m_LocalRotation: {x: 0.40821788, y: -0.23456968, z: 0.10938163, w: 0.8754261}
  m_LocalPosition: {x: 0, y: 3, z: 0}
  m_LocalScale: {x: 1, y: 1, z: 1}
  m_Children: []
  m_Father: {fileID: 0}
  m_RootOrder: 0
  m_LocalEulerAnglesHint: {x: 50, y: -30, z: 0}
--- !u!1001 &925145958
PrefabInstance:
  m_ObjectHideFlags: 0
  serializedVersion: 2
  m_Modification:
    m_TransformParent: {fileID: 1780293526}
    m_Modifications:
    - target: {fileID: -927199367670048503, guid: d316caeebdb34dc4793d89c000eecc49,
        type: 3}
      propertyPath: m_Name
      value: ArribaTorreta
      objectReference: {fileID: 0}
    - target: {fileID: -4216859302048453862, guid: d316caeebdb34dc4793d89c000eecc49,
        type: 3}
      propertyPath: m_LocalPosition.x
      value: 0
      objectReference: {fileID: 0}
    - target: {fileID: -4216859302048453862, guid: d316caeebdb34dc4793d89c000eecc49,
        type: 3}
      propertyPath: m_LocalPosition.y
      value: 0
      objectReference: {fileID: 0}
    - target: {fileID: -4216859302048453862, guid: d316caeebdb34dc4793d89c000eecc49,
        type: 3}
      propertyPath: m_LocalPosition.z
      value: 0
      objectReference: {fileID: 0}
    - target: {fileID: -4216859302048453862, guid: d316caeebdb34dc4793d89c000eecc49,
        type: 3}
      propertyPath: m_LocalRotation.x
      value: 0.061628457
      objectReference: {fileID: 0}
    - target: {fileID: -4216859302048453862, guid: d316caeebdb34dc4793d89c000eecc49,
        type: 3}
      propertyPath: m_LocalRotation.y
      value: 0.7044161
      objectReference: {fileID: 0}
    - target: {fileID: -4216859302048453862, guid: d316caeebdb34dc4793d89c000eecc49,
        type: 3}
      propertyPath: m_LocalRotation.z
      value: 0.061628457
      objectReference: {fileID: 0}
    - target: {fileID: -4216859302048453862, guid: d316caeebdb34dc4793d89c000eecc49,
        type: 3}
      propertyPath: m_LocalRotation.w
      value: 0.7044161
      objectReference: {fileID: 0}
    - target: {fileID: -4216859302048453862, guid: d316caeebdb34dc4793d89c000eecc49,
        type: 3}
      propertyPath: m_RootOrder
      value: 0
      objectReference: {fileID: 0}
    - target: {fileID: -4216859302048453862, guid: d316caeebdb34dc4793d89c000eecc49,
        type: 3}
      propertyPath: m_LocalEulerAnglesHint.x
      value: 0
      objectReference: {fileID: 0}
    - target: {fileID: -4216859302048453862, guid: d316caeebdb34dc4793d89c000eecc49,
        type: 3}
      propertyPath: m_LocalEulerAnglesHint.y
      value: 0
      objectReference: {fileID: 0}
    - target: {fileID: -4216859302048453862, guid: d316caeebdb34dc4793d89c000eecc49,
        type: 3}
      propertyPath: m_LocalEulerAnglesHint.z
      value: 0
      objectReference: {fileID: 0}
    - target: {fileID: -4216859302048453862, guid: d316caeebdb34dc4793d89c000eecc49,
        type: 3}
      propertyPath: m_LocalScale.x
      value: 1
      objectReference: {fileID: 0}
    - target: {fileID: -4216859302048453862, guid: d316caeebdb34dc4793d89c000eecc49,
        type: 3}
      propertyPath: m_LocalScale.z
      value: 1
      objectReference: {fileID: 0}
    m_RemovedComponents: []
  m_SourcePrefab: {fileID: 100100000, guid: d316caeebdb34dc4793d89c000eecc49, type: 3}
--- !u!1 &963194225
GameObject:
  m_ObjectHideFlags: 0
  m_CorrespondingSourceObject: {fileID: 0}
  m_PrefabInstance: {fileID: 0}
  m_PrefabAsset: {fileID: 0}
  serializedVersion: 6
  m_Component:
  - component: {fileID: 963194228}
  - component: {fileID: 963194227}
  - component: {fileID: 963194226}
  - component: {fileID: 963194229}
  m_Layer: 0
  m_Name: Main Camera
  m_TagString: MainCamera
  m_Icon: {fileID: 0}
  m_NavMeshLayer: 0
  m_StaticEditorFlags: 0
  m_IsActive: 1
--- !u!81 &963194226
AudioListener:
  m_ObjectHideFlags: 0
  m_CorrespondingSourceObject: {fileID: 0}
  m_PrefabInstance: {fileID: 0}
  m_PrefabAsset: {fileID: 0}
  m_GameObject: {fileID: 963194225}
  m_Enabled: 1
--- !u!20 &963194227
Camera:
  m_ObjectHideFlags: 0
  m_CorrespondingSourceObject: {fileID: 0}
  m_PrefabInstance: {fileID: 0}
  m_PrefabAsset: {fileID: 0}
  m_GameObject: {fileID: 963194225}
  m_Enabled: 1
  serializedVersion: 2
  m_ClearFlags: 1
  m_BackGroundColor: {r: 0.19215687, g: 0.3019608, b: 0.4745098, a: 0}
  m_projectionMatrixMode: 1
  m_GateFitMode: 2
  m_FOVAxisMode: 0
  m_SensorSize: {x: 36, y: 24}
  m_LensShift: {x: 0, y: 0}
  m_FocalLength: 50
  m_NormalizedViewPortRect:
    serializedVersion: 2
    x: 0
    y: 0
    width: 1
    height: 1
  near clip plane: 0.3
  far clip plane: 1000
  field of view: 60
  orthographic: 0
  orthographic size: 5
  m_Depth: -1
  m_CullingMask:
    serializedVersion: 2
    m_Bits: 4294967295
  m_RenderingPath: -1
  m_TargetTexture: {fileID: 0}
  m_TargetDisplay: 0
  m_TargetEye: 3
  m_HDR: 1
  m_AllowMSAA: 1
  m_AllowDynamicResolution: 0
  m_ForceIntoRT: 0
  m_OcclusionCulling: 1
  m_StereoConvergence: 10
  m_StereoSeparation: 0.022
--- !u!4 &963194228
Transform:
  m_ObjectHideFlags: 0
  m_CorrespondingSourceObject: {fileID: 0}
  m_PrefabInstance: {fileID: 0}
  m_PrefabAsset: {fileID: 0}
  m_GameObject: {fileID: 963194225}
  m_LocalRotation: {x: 0, y: 0, z: 0, w: 1}
  m_LocalPosition: {x: 0, y: 0.81, z: 0}
  m_LocalScale: {x: 1, y: 1, z: 1}
  m_Children:
  - {fileID: 2103287786}
  m_Father: {fileID: 1435571471}
  m_RootOrder: 0
  m_LocalEulerAnglesHint: {x: 0, y: 0, z: 0}
--- !u!114 &963194229
MonoBehaviour:
  m_ObjectHideFlags: 0
  m_CorrespondingSourceObject: {fileID: 0}
  m_PrefabInstance: {fileID: 0}
  m_PrefabAsset: {fileID: 0}
  m_GameObject: {fileID: 963194225}
  m_Enabled: 1
  m_EditorHideFlags: 0
  m_Script: {fileID: 11500000, guid: d4f9c893e93b89c4ea3bfc4df3fdf431, type: 3}
  m_Name: 
  m_EditorClassIdentifier: 
  mouseSensivity: 100
  playerBody: {fileID: 1435571471}
  xRotation: 0
--- !u!1 &974968960
GameObject:
  m_ObjectHideFlags: 0
  m_CorrespondingSourceObject: {fileID: 0}
  m_PrefabInstance: {fileID: 0}
  m_PrefabAsset: {fileID: 0}
  serializedVersion: 6
  m_Component:
  - component: {fileID: 974968964}
  - component: {fileID: 974968963}
  - component: {fileID: 974968962}
  - component: {fileID: 974968961}
  m_Layer: 0
  m_Name: Torreta (1)
  m_TagString: Enemigo
  m_Icon: {fileID: 0}
  m_NavMeshLayer: 0
  m_StaticEditorFlags: 0
  m_IsActive: 1
--- !u!114 &974968961
MonoBehaviour:
  m_ObjectHideFlags: 0
  m_CorrespondingSourceObject: {fileID: 0}
  m_PrefabInstance: {fileID: 0}
  m_PrefabAsset: {fileID: 0}
  m_GameObject: {fileID: 974968960}
  m_Enabled: 1
  m_EditorHideFlags: 0
  m_Script: {fileID: 11500000, guid: 273f7089e86f49e42aadaaf976918a2e, type: 3}
  m_Name: 
  m_EditorClassIdentifier: 
  <vida>k__BackingField: 0
  "<da\xF1o>k__BackingField": 0
  tipo: 0
--- !u!65 &974968962
BoxCollider:
  m_ObjectHideFlags: 0
  m_CorrespondingSourceObject: {fileID: 0}
  m_PrefabInstance: {fileID: 0}
  m_PrefabAsset: {fileID: 0}
  m_GameObject: {fileID: 974968960}
  m_Material: {fileID: 0}
  m_IsTrigger: 1
  m_Enabled: 1
  serializedVersion: 2
  m_Size: {x: 3.3519914, y: 4.316, z: 2.2657852}
  m_Center: {x: -0.49727958, y: 1.658, z: -0.010098696}
--- !u!114 &974968963
MonoBehaviour:
  m_ObjectHideFlags: 0
  m_CorrespondingSourceObject: {fileID: 0}
  m_PrefabInstance: {fileID: 0}
  m_PrefabAsset: {fileID: 0}
  m_GameObject: {fileID: 974968960}
  m_Enabled: 1
  m_EditorHideFlags: 0
  m_Script: {fileID: 11500000, guid: 436fb9d6dbffd3e4b9b9ac624d3f1dca, type: 3}
  m_Name: 
  m_EditorClassIdentifier: 
  <vida>k__BackingField: 0
  "<da\xF1o>k__BackingField": 0
  tipoTorreta: 0
  rangoTorreta: 0
  target: {fileID: 0}
  partToRotate: {fileID: 1780293526}
  convertirVelocidad: 10
  balaTorreta: {fileID: 4777048042119458832, guid: a482f2601dd96cd4b8259d041b356042,
    type: 3}
  lugarDisparo: {fileID: 255170472}
  fuerzaBalaTorreta: 50
  fireRate: 1.55
  fireCountdown: 0
--- !u!4 &974968964
Transform:
  m_ObjectHideFlags: 0
  m_CorrespondingSourceObject: {fileID: 0}
  m_PrefabInstance: {fileID: 0}
  m_PrefabAsset: {fileID: 0}
  m_GameObject: {fileID: 974968960}
  m_LocalRotation: {x: 0, y: -0.7071068, z: 0, w: 0.7071068}
  m_LocalPosition: {x: 25.57, y: -0.13, z: 14.4}
  m_LocalScale: {x: 1, y: 1, z: 1}
  m_Children:
  - {fileID: 1780293526}
  - {fileID: 1984873113}
  m_Father: {fileID: 0}
  m_RootOrder: 18
  m_LocalEulerAnglesHint: {x: 0, y: -90, z: 0}
--- !u!1 &1046780042
GameObject:
  m_ObjectHideFlags: 0
  m_CorrespondingSourceObject: {fileID: 0}
  m_PrefabInstance: {fileID: 0}
  m_PrefabAsset: {fileID: 0}
  serializedVersion: 6
  m_Component:
  - component: {fileID: 1046780043}
  m_Layer: 0
  m_Name: GroundCheck
  m_TagString: Untagged
  m_Icon: {fileID: 0}
  m_NavMeshLayer: 0
  m_StaticEditorFlags: 0
  m_IsActive: 1
--- !u!4 &1046780043
Transform:
  m_ObjectHideFlags: 0
  m_CorrespondingSourceObject: {fileID: 0}
  m_PrefabInstance: {fileID: 0}
  m_PrefabAsset: {fileID: 0}
  m_GameObject: {fileID: 1046780042}
  m_LocalRotation: {x: 0, y: 0, z: 0, w: 1}
  m_LocalPosition: {x: 0, y: -1.417, z: 0}
  m_LocalScale: {x: 1, y: 1, z: 1}
  m_Children: []
  m_Father: {fileID: 1435571471}
  m_RootOrder: 1
  m_LocalEulerAnglesHint: {x: 0, y: 0, z: 0}
--- !u!1 &1068395710
GameObject:
  m_ObjectHideFlags: 0
  m_CorrespondingSourceObject: {fileID: 0}
  m_PrefabInstance: {fileID: 0}
  m_PrefabAsset: {fileID: 0}
  serializedVersion: 6
  m_Component:
  - component: {fileID: 1068395711}
  - component: {fileID: 1068395712}
  - component: {fileID: 1068395714}
  - component: {fileID: 1068395713}
  - component: {fileID: 1068395715}
  m_Layer: 0
  m_Name: Torreta
  m_TagString: Enemigo
  m_Icon: {fileID: 0}
  m_NavMeshLayer: 0
  m_StaticEditorFlags: 0
  m_IsActive: 1
--- !u!4 &1068395711
Transform:
  m_ObjectHideFlags: 0
  m_CorrespondingSourceObject: {fileID: 0}
  m_PrefabInstance: {fileID: 0}
  m_PrefabAsset: {fileID: 0}
  m_GameObject: {fileID: 1068395710}
  m_LocalRotation: {x: 0, y: -0.7071068, z: 0, w: 0.7071068}
  m_LocalPosition: {x: 17.03, y: -0.13, z: 15.09}
  m_LocalScale: {x: 1, y: 1, z: 1}
  m_Children:
  - {fileID: 553215738}
  - {fileID: 1536630924}
  m_Father: {fileID: 0}
  m_RootOrder: 17
  m_LocalEulerAnglesHint: {x: 0, y: -90, z: 0}
--- !u!114 &1068395712
MonoBehaviour:
  m_ObjectHideFlags: 0
  m_CorrespondingSourceObject: {fileID: 0}
  m_PrefabInstance: {fileID: 0}
  m_PrefabAsset: {fileID: 0}
  m_GameObject: {fileID: 1068395710}
  m_Enabled: 1
  m_EditorHideFlags: 0
  m_Script: {fileID: 11500000, guid: 436fb9d6dbffd3e4b9b9ac624d3f1dca, type: 3}
  m_Name: 
  m_EditorClassIdentifier: 
  <vida>k__BackingField: 0
  "<da\xF1o>k__BackingField": 0
  tipoTorreta: 0
  rangoTorreta: 0
  target: {fileID: 0}
  partToRotate: {fileID: 553215738}
  convertirVelocidad: 10
  balaTorreta: {fileID: 4777048042119458832, guid: a482f2601dd96cd4b8259d041b356042,
    type: 3}
  lugarDisparo: {fileID: 1532040141}
  fuerzaBalaTorreta: 50
  fireRate: 1.55
  fireCountdown: 0
--- !u!114 &1068395713
MonoBehaviour:
  m_ObjectHideFlags: 0
  m_CorrespondingSourceObject: {fileID: 0}
  m_PrefabInstance: {fileID: 0}
  m_PrefabAsset: {fileID: 0}
  m_GameObject: {fileID: 1068395710}
  m_Enabled: 1
  m_EditorHideFlags: 0
  m_Script: {fileID: 11500000, guid: 273f7089e86f49e42aadaaf976918a2e, type: 3}
  m_Name: 
  m_EditorClassIdentifier: 
  <vida>k__BackingField: 0
  "<da\xF1o>k__BackingField": 0
  tipo: 0
--- !u!65 &1068395714
BoxCollider:
  m_ObjectHideFlags: 0
  m_CorrespondingSourceObject: {fileID: 0}
  m_PrefabInstance: {fileID: 0}
  m_PrefabAsset: {fileID: 0}
  m_GameObject: {fileID: 1068395710}
  m_Material: {fileID: 0}
  m_IsTrigger: 1
  m_Enabled: 1
  serializedVersion: 2
  m_Size: {x: 3.3519914, y: 4.316, z: 2.2657852}
  m_Center: {x: -0.49727958, y: 1.658, z: -0.010098696}
--- !u!54 &1068395715
Rigidbody:
  m_ObjectHideFlags: 0
  m_CorrespondingSourceObject: {fileID: 0}
  m_PrefabInstance: {fileID: 0}
  m_PrefabAsset: {fileID: 0}
  m_GameObject: {fileID: 1068395710}
  serializedVersion: 2
  m_Mass: 324.31
  m_Drag: 0
  m_AngularDrag: 0.05
  m_UseGravity: 0
  m_IsKinematic: 0
  m_Interpolate: 0
  m_Constraints: 112
  m_CollisionDetection: 0
--- !u!1001 &1075229138
PrefabInstance:
  m_ObjectHideFlags: 0
  serializedVersion: 2
  m_Modification:
    m_TransformParent: {fileID: 0}
    m_Modifications:
    - target: {fileID: 167058, guid: 1625b0df15965450c86850dd6d345e87, type: 3}
      propertyPath: m_Name
      value: Effect_07
      objectReference: {fileID: 0}
    - target: {fileID: 167058, guid: 1625b0df15965450c86850dd6d345e87, type: 3}
      propertyPath: m_IsActive
      value: 0
      objectReference: {fileID: 0}
    - target: {fileID: 425998, guid: 1625b0df15965450c86850dd6d345e87, type: 3}
      propertyPath: m_LocalPosition.x
      value: 14.145809
      objectReference: {fileID: 0}
    - target: {fileID: 425998, guid: 1625b0df15965450c86850dd6d345e87, type: 3}
      propertyPath: m_LocalPosition.y
      value: 0.62
      objectReference: {fileID: 0}
    - target: {fileID: 425998, guid: 1625b0df15965450c86850dd6d345e87, type: 3}
      propertyPath: m_LocalPosition.z
      value: 34.07343
      objectReference: {fileID: 0}
    - target: {fileID: 425998, guid: 1625b0df15965450c86850dd6d345e87, type: 3}
      propertyPath: m_LocalRotation.x
      value: 0
      objectReference: {fileID: 0}
    - target: {fileID: 425998, guid: 1625b0df15965450c86850dd6d345e87, type: 3}
      propertyPath: m_LocalRotation.y
      value: 0
      objectReference: {fileID: 0}
    - target: {fileID: 425998, guid: 1625b0df15965450c86850dd6d345e87, type: 3}
      propertyPath: m_LocalRotation.z
      value: 0
      objectReference: {fileID: 0}
    - target: {fileID: 425998, guid: 1625b0df15965450c86850dd6d345e87, type: 3}
      propertyPath: m_LocalRotation.w
      value: 1
      objectReference: {fileID: 0}
    - target: {fileID: 425998, guid: 1625b0df15965450c86850dd6d345e87, type: 3}
      propertyPath: m_RootOrder
      value: 3
      objectReference: {fileID: 0}
    - target: {fileID: 425998, guid: 1625b0df15965450c86850dd6d345e87, type: 3}
      propertyPath: m_LocalEulerAnglesHint.x
      value: 0
      objectReference: {fileID: 0}
    - target: {fileID: 425998, guid: 1625b0df15965450c86850dd6d345e87, type: 3}
      propertyPath: m_LocalEulerAnglesHint.y
      value: 0
      objectReference: {fileID: 0}
    - target: {fileID: 425998, guid: 1625b0df15965450c86850dd6d345e87, type: 3}
      propertyPath: m_LocalEulerAnglesHint.z
      value: 0
      objectReference: {fileID: 0}
    m_RemovedComponents: []
  m_SourcePrefab: {fileID: 100100000, guid: 1625b0df15965450c86850dd6d345e87, type: 3}
--- !u!1 &1102098819
GameObject:
  m_ObjectHideFlags: 0
  m_CorrespondingSourceObject: {fileID: 0}
  m_PrefabInstance: {fileID: 0}
  m_PrefabAsset: {fileID: 0}
  serializedVersion: 6
  m_Component:
  - component: {fileID: 1102098824}
  - component: {fileID: 1102098823}
  - component: {fileID: 1102098822}
  - component: {fileID: 1102098821}
  - component: {fileID: 1102098820}
  m_Layer: 0
  m_Name: "PruebaDeA\xF1adirArma"
  m_TagString: Untagged
  m_Icon: {fileID: 0}
  m_NavMeshLayer: 0
  m_StaticEditorFlags: 0
  m_IsActive: 1
--- !u!114 &1102098820
MonoBehaviour:
  m_ObjectHideFlags: 0
  m_CorrespondingSourceObject: {fileID: 0}
  m_PrefabInstance: {fileID: 0}
  m_PrefabAsset: {fileID: 0}
  m_GameObject: {fileID: 1102098819}
  m_Enabled: 1
  m_EditorHideFlags: 0
  m_Script: {fileID: 11500000, guid: 18380b58ae9b9754ab3e74c507ac8e76, type: 3}
  m_Name: 
  m_EditorClassIdentifier: 
  arma: {fileID: 1614382310}
--- !u!65 &1102098821
BoxCollider:
  m_ObjectHideFlags: 0
  m_CorrespondingSourceObject: {fileID: 0}
  m_PrefabInstance: {fileID: 0}
  m_PrefabAsset: {fileID: 0}
  m_GameObject: {fileID: 1102098819}
  m_Material: {fileID: 0}
  m_IsTrigger: 1
  m_Enabled: 1
  serializedVersion: 2
  m_Size: {x: 1.8017998, y: 1.3391533, z: 2.0221214}
  m_Center: {x: 0.0109939575, y: 0.1695767, z: -0.0505085}
--- !u!23 &1102098822
MeshRenderer:
  m_ObjectHideFlags: 0
  m_CorrespondingSourceObject: {fileID: 0}
  m_PrefabInstance: {fileID: 0}
  m_PrefabAsset: {fileID: 0}
  m_GameObject: {fileID: 1102098819}
  m_Enabled: 1
  m_CastShadows: 1
  m_ReceiveShadows: 1
  m_DynamicOccludee: 1
  m_MotionVectors: 1
  m_LightProbeUsage: 1
  m_ReflectionProbeUsage: 1
  m_RenderingLayerMask: 1
  m_RendererPriority: 0
  m_Materials:
  - {fileID: 10303, guid: 0000000000000000f000000000000000, type: 0}
  m_StaticBatchInfo:
    firstSubMesh: 0
    subMeshCount: 0
  m_StaticBatchRoot: {fileID: 0}
  m_ProbeAnchor: {fileID: 0}
  m_LightProbeVolumeOverride: {fileID: 0}
  m_ScaleInLightmap: 1
  m_ReceiveGI: 1
  m_PreserveUVs: 0
  m_IgnoreNormalsForChartDetection: 0
  m_ImportantGI: 0
  m_StitchLightmapSeams: 1
  m_SelectedEditorRenderState: 3
  m_MinimumChartSize: 4
  m_AutoUVMaxDistance: 0.5
  m_AutoUVMaxAngle: 89
  m_LightmapParameters: {fileID: 0}
  m_SortingLayerID: 0
  m_SortingLayer: 0
  m_SortingOrder: 0
--- !u!33 &1102098823
MeshFilter:
  m_ObjectHideFlags: 0
  m_CorrespondingSourceObject: {fileID: 0}
  m_PrefabInstance: {fileID: 0}
  m_PrefabAsset: {fileID: 0}
  m_GameObject: {fileID: 1102098819}
  m_Mesh: {fileID: 10202, guid: 0000000000000000e000000000000000, type: 0}
--- !u!4 &1102098824
Transform:
  m_ObjectHideFlags: 0
  m_CorrespondingSourceObject: {fileID: 0}
  m_PrefabInstance: {fileID: 0}
  m_PrefabAsset: {fileID: 0}
  m_GameObject: {fileID: 1102098819}
  m_LocalRotation: {x: 0, y: 0, z: 0, w: 1}
  m_LocalPosition: {x: 22, y: 0.5, z: 30}
  m_LocalScale: {x: 1, y: 1, z: 1}
  m_Children: []
  m_Father: {fileID: 0}
  m_RootOrder: 15
  m_LocalEulerAnglesHint: {x: 0, y: 0, z: 0}
--- !u!1001 &1305204018
PrefabInstance:
  m_ObjectHideFlags: 0
  serializedVersion: 2
  m_Modification:
    m_TransformParent: {fileID: 0}
    m_Modifications:
    - target: {fileID: 100002, guid: f7efb0d9df2264096af57128df85dddb, type: 3}
      propertyPath: m_Name
      value: Effect_02
      objectReference: {fileID: 0}
    - target: {fileID: 100002, guid: f7efb0d9df2264096af57128df85dddb, type: 3}
      propertyPath: m_IsActive
      value: 0
      objectReference: {fileID: 0}
    - target: {fileID: 400002, guid: f7efb0d9df2264096af57128df85dddb, type: 3}
      propertyPath: m_LocalPosition.x
      value: 14.18
      objectReference: {fileID: 0}
    - target: {fileID: 400002, guid: f7efb0d9df2264096af57128df85dddb, type: 3}
      propertyPath: m_LocalPosition.y
      value: 0.61
      objectReference: {fileID: 0}
    - target: {fileID: 400002, guid: f7efb0d9df2264096af57128df85dddb, type: 3}
      propertyPath: m_LocalPosition.z
      value: 30.500471
      objectReference: {fileID: 0}
    - target: {fileID: 400002, guid: f7efb0d9df2264096af57128df85dddb, type: 3}
      propertyPath: m_LocalRotation.x
      value: 0
      objectReference: {fileID: 0}
    - target: {fileID: 400002, guid: f7efb0d9df2264096af57128df85dddb, type: 3}
      propertyPath: m_LocalRotation.y
      value: 0
      objectReference: {fileID: 0}
    - target: {fileID: 400002, guid: f7efb0d9df2264096af57128df85dddb, type: 3}
      propertyPath: m_LocalRotation.z
      value: 0
      objectReference: {fileID: 0}
    - target: {fileID: 400002, guid: f7efb0d9df2264096af57128df85dddb, type: 3}
      propertyPath: m_LocalRotation.w
      value: 1
      objectReference: {fileID: 0}
    - target: {fileID: 400002, guid: f7efb0d9df2264096af57128df85dddb, type: 3}
      propertyPath: m_RootOrder
      value: 6
      objectReference: {fileID: 0}
    - target: {fileID: 400002, guid: f7efb0d9df2264096af57128df85dddb, type: 3}
      propertyPath: m_LocalEulerAnglesHint.x
      value: 0
      objectReference: {fileID: 0}
    - target: {fileID: 400002, guid: f7efb0d9df2264096af57128df85dddb, type: 3}
      propertyPath: m_LocalEulerAnglesHint.y
      value: 0
      objectReference: {fileID: 0}
    - target: {fileID: 400002, guid: f7efb0d9df2264096af57128df85dddb, type: 3}
      propertyPath: m_LocalEulerAnglesHint.z
      value: 0
      objectReference: {fileID: 0}
    m_RemovedComponents: []
  m_SourcePrefab: {fileID: 100100000, guid: f7efb0d9df2264096af57128df85dddb, type: 3}
--- !u!1 &1329814688
GameObject:
  m_ObjectHideFlags: 0
  m_CorrespondingSourceObject: {fileID: 0}
  m_PrefabInstance: {fileID: 0}
  m_PrefabAsset: {fileID: 0}
  serializedVersion: 6
  m_Component:
  - component: {fileID: 1329814689}
  m_Layer: 0
  m_Name: LugarDisparoExplosivo
  m_TagString: Untagged
  m_Icon: {fileID: 0}
  m_NavMeshLayer: 0
  m_StaticEditorFlags: 0
  m_IsActive: 1
--- !u!4 &1329814689
Transform:
  m_ObjectHideFlags: 0
  m_CorrespondingSourceObject: {fileID: 0}
  m_PrefabInstance: {fileID: 0}
  m_PrefabAsset: {fileID: 0}
  m_GameObject: {fileID: 1329814688}
  m_LocalRotation: {x: -0, y: -0, z: -0, w: 1}
  m_LocalPosition: {x: -0.37000084, y: -0.23000008, z: 0.77000046}
  m_LocalScale: {x: 1, y: 1, z: 1}
  m_Children: []
  m_Father: {fileID: 2103287786}
  m_RootOrder: 1
  m_LocalEulerAnglesHint: {x: 0, y: 0, z: 0}
--- !u!1 &1435571469
GameObject:
  m_ObjectHideFlags: 0
  m_CorrespondingSourceObject: {fileID: 0}
  m_PrefabInstance: {fileID: 0}
  m_PrefabAsset: {fileID: 0}
  serializedVersion: 6
  m_Component:
  - component: {fileID: 1435571471}
  - component: {fileID: 1435571470}
  - component: {fileID: 1435571472}
  - component: {fileID: 1435571473}
  - component: {fileID: 1435571474}
  - component: {fileID: 1435571475}
  - component: {fileID: 1435571477}
  - component: {fileID: 1435571476}
  m_Layer: 0
  m_Name: FirstPersonPlayer
  m_TagString: player
  m_Icon: {fileID: 0}
  m_NavMeshLayer: 0
  m_StaticEditorFlags: 0
  m_IsActive: 1
--- !u!143 &1435571470
CharacterController:
  m_ObjectHideFlags: 0
  m_CorrespondingSourceObject: {fileID: 0}
  m_PrefabInstance: {fileID: 0}
  m_PrefabAsset: {fileID: 0}
  m_GameObject: {fileID: 1435571469}
  m_Material: {fileID: 0}
  m_IsTrigger: 0
  m_Enabled: 1
  serializedVersion: 2
  m_Height: 3
  m_Radius: 0.6
  m_SlopeLimit: 45
  m_StepOffset: 0.7
  m_SkinWidth: 0.08
  m_MinMoveDistance: 0.001
  m_Center: {x: 0, y: 0, z: 0}
--- !u!4 &1435571471
Transform:
  m_ObjectHideFlags: 0
  m_CorrespondingSourceObject: {fileID: 0}
  m_PrefabInstance: {fileID: 0}
  m_PrefabAsset: {fileID: 0}
  m_GameObject: {fileID: 1435571469}
  m_LocalRotation: {x: 0, y: 0, z: 0, w: 1}
  m_LocalPosition: {x: 22.46, y: 1.51, z: 21.3}
  m_LocalScale: {x: 1, y: 1, z: 1}
  m_Children:
  - {fileID: 963194228}
  - {fileID: 1046780043}
  - {fileID: 1502123955}
  m_Father: {fileID: 0}
  m_RootOrder: 11
  m_LocalEulerAnglesHint: {x: 0, y: 0, z: 0}
--- !u!114 &1435571472
MonoBehaviour:
  m_ObjectHideFlags: 0
  m_CorrespondingSourceObject: {fileID: 0}
  m_PrefabInstance: {fileID: 0}
  m_PrefabAsset: {fileID: 0}
  m_GameObject: {fileID: 1435571469}
  m_Enabled: 1
  m_EditorHideFlags: 0
  m_Script: {fileID: 11500000, guid: 51873a78948209a48a161afa2a568822, type: 3}
  m_Name: 
  m_EditorClassIdentifier: 
  rb: {fileID: 0}
  controller: {fileID: 1435571470}
  groundCheck: {fileID: 1046780043}
  groundDistance: 0.4
  groundMask:
    m_Bits: 256
  speed: 29.33
  gravity: -32.9
  jumpHeight: 3
  velocity: {x: 0, y: 0, z: 0}
  isGrounded: 0
--- !u!54 &1435571473
Rigidbody:
  m_ObjectHideFlags: 0
  m_CorrespondingSourceObject: {fileID: 0}
  m_PrefabInstance: {fileID: 0}
  m_PrefabAsset: {fileID: 0}
  m_GameObject: {fileID: 1435571469}
  serializedVersion: 2
  m_Mass: 1
  m_Drag: 0
  m_AngularDrag: 0.05
  m_UseGravity: 0
  m_IsKinematic: 1
  m_Interpolate: 0
  m_Constraints: 0
  m_CollisionDetection: 0
--- !u!114 &1435571474
MonoBehaviour:
  m_ObjectHideFlags: 0
  m_CorrespondingSourceObject: {fileID: 0}
  m_PrefabInstance: {fileID: 0}
  m_PrefabAsset: {fileID: 0}
  m_GameObject: {fileID: 1435571469}
  m_Enabled: 1
  m_EditorHideFlags: 0
  m_Script: {fileID: 11500000, guid: ddc6188351dbf3e44bcf9226ac142509, type: 3}
  m_Name: 
  m_EditorClassIdentifier: 
  municionStandar: 50
  municionExplosiva: 20
--- !u!114 &1435571475
MonoBehaviour:
  m_ObjectHideFlags: 0
  m_CorrespondingSourceObject: {fileID: 0}
  m_PrefabInstance: {fileID: 0}
  m_PrefabAsset: {fileID: 0}
  m_GameObject: {fileID: 1435571469}
  m_Enabled: 1
  m_EditorHideFlags: 0
  m_Script: {fileID: 11500000, guid: c656b9ba8bf38964c8b2750a2f735217, type: 3}
  m_Name: 
  m_EditorClassIdentifier: 
  vida: 100
--- !u!114 &1435571476
MonoBehaviour:
  m_ObjectHideFlags: 0
  m_CorrespondingSourceObject: {fileID: 0}
  m_PrefabInstance: {fileID: 0}
  m_PrefabAsset: {fileID: 0}
  m_GameObject: {fileID: 1435571469}
  m_Enabled: 1
  m_EditorHideFlags: 0
  m_Script: {fileID: 11500000, guid: 4529b640fcf88e14eaa1492b2c122f45, type: 3}
  m_Name: 
  m_EditorClassIdentifier: 
  mouseSensivity: 100
  playerBody: {fileID: 0}
--- !u!114 &1435571477
MonoBehaviour:
  m_ObjectHideFlags: 0
  m_CorrespondingSourceObject: {fileID: 0}
  m_PrefabInstance: {fileID: 0}
  m_PrefabAsset: {fileID: 0}
  m_GameObject: {fileID: 1435571469}
  m_Enabled: 1
  m_EditorHideFlags: 0
  m_Script: {fileID: 11500000, guid: 473d8593a2e4a264cb3022cbcb37136b, type: 3}
  m_Name: 
  m_EditorClassIdentifier: 
  rb: {fileID: 0}
  controller: {fileID: 0}
  groundCheck: {fileID: 0}
  groundDistance: 0.4
  groundMask:
    serializedVersion: 2
    m_Bits: 0
  speed: 12
  gravity: -9.81
  jumpHeight: 3
--- !u!1 &1502123954
GameObject:
  m_ObjectHideFlags: 0
  m_CorrespondingSourceObject: {fileID: 0}
  m_PrefabInstance: {fileID: 0}
  m_PrefabAsset: {fileID: 0}
  serializedVersion: 6
  m_Component:
  - component: {fileID: 1502123955}
  - component: {fileID: 1502123957}
  - component: {fileID: 1502123956}
  m_Layer: 0
  m_Name: DeteccionDeCosas
  m_TagString: Untagged
  m_Icon: {fileID: 0}
  m_NavMeshLayer: 0
  m_StaticEditorFlags: 0
  m_IsActive: 1
--- !u!4 &1502123955
Transform:
  m_ObjectHideFlags: 0
  m_CorrespondingSourceObject: {fileID: 0}
  m_PrefabInstance: {fileID: 0}
  m_PrefabAsset: {fileID: 0}
  m_GameObject: {fileID: 1502123954}
  m_LocalRotation: {x: 0, y: 0, z: 0, w: 1}
  m_LocalPosition: {x: 0, y: -0.65, z: 0}
  m_LocalScale: {x: 1, y: 1, z: 1}
  m_Children: []
  m_Father: {fileID: 1435571471}
  m_RootOrder: 2
  m_LocalEulerAnglesHint: {x: 0, y: 0, z: 0}
--- !u!114 &1502123956
MonoBehaviour:
  m_ObjectHideFlags: 0
  m_CorrespondingSourceObject: {fileID: 0}
  m_PrefabInstance: {fileID: 0}
  m_PrefabAsset: {fileID: 0}
  m_GameObject: {fileID: 1502123954}
  m_Enabled: 1
  m_EditorHideFlags: 0
  m_Script: {fileID: 11500000, guid: ddc6188351dbf3e44bcf9226ac142509, type: 3}
  m_Name: 
  m_EditorClassIdentifier: 
  municionStandar: 50
  municionExplosiva: 20
--- !u!136 &1502123957
CapsuleCollider:
  m_ObjectHideFlags: 0
  m_CorrespondingSourceObject: {fileID: 0}
  m_PrefabInstance: {fileID: 0}
  m_PrefabAsset: {fileID: 0}
  m_GameObject: {fileID: 1502123954}
  m_Material: {fileID: 0}
  m_IsTrigger: 1
  m_Enabled: 0
  m_Radius: 0.6838937
  m_Height: 2.6980839
  m_Direction: 1
  m_Center: {x: 0.100777626, y: 0.84904194, z: -0.083116055}
--- !u!1001 &1513157134
PrefabInstance:
  m_ObjectHideFlags: 0
  serializedVersion: 2
  m_Modification:
    m_TransformParent: {fileID: 0}
    m_Modifications:
    - target: {fileID: 155548, guid: d50f5f5d5a171443fa76bc1f6fc90473, type: 3}
      propertyPath: m_Name
      value: Effect_08
      objectReference: {fileID: 0}
    - target: {fileID: 155548, guid: d50f5f5d5a171443fa76bc1f6fc90473, type: 3}
      propertyPath: m_IsActive
      value: 0
      objectReference: {fileID: 0}
    - target: {fileID: 485360, guid: d50f5f5d5a171443fa76bc1f6fc90473, type: 3}
      propertyPath: m_LocalPosition.x
      value: 13.664415
      objectReference: {fileID: 0}
    - target: {fileID: 485360, guid: d50f5f5d5a171443fa76bc1f6fc90473, type: 3}
      propertyPath: m_LocalPosition.y
      value: 0.57
      objectReference: {fileID: 0}
    - target: {fileID: 485360, guid: d50f5f5d5a171443fa76bc1f6fc90473, type: 3}
      propertyPath: m_LocalPosition.z
      value: 35.51
      objectReference: {fileID: 0}
    - target: {fileID: 485360, guid: d50f5f5d5a171443fa76bc1f6fc90473, type: 3}
      propertyPath: m_LocalRotation.x
      value: 0
      objectReference: {fileID: 0}
    - target: {fileID: 485360, guid: d50f5f5d5a171443fa76bc1f6fc90473, type: 3}
      propertyPath: m_LocalRotation.y
      value: 0
      objectReference: {fileID: 0}
    - target: {fileID: 485360, guid: d50f5f5d5a171443fa76bc1f6fc90473, type: 3}
      propertyPath: m_LocalRotation.z
      value: 0
      objectReference: {fileID: 0}
    - target: {fileID: 485360, guid: d50f5f5d5a171443fa76bc1f6fc90473, type: 3}
      propertyPath: m_LocalRotation.w
      value: 1
      objectReference: {fileID: 0}
    - target: {fileID: 485360, guid: d50f5f5d5a171443fa76bc1f6fc90473, type: 3}
      propertyPath: m_RootOrder
      value: 2
      objectReference: {fileID: 0}
    - target: {fileID: 485360, guid: d50f5f5d5a171443fa76bc1f6fc90473, type: 3}
      propertyPath: m_LocalEulerAnglesHint.x
      value: 0
      objectReference: {fileID: 0}
    - target: {fileID: 485360, guid: d50f5f5d5a171443fa76bc1f6fc90473, type: 3}
      propertyPath: m_LocalEulerAnglesHint.y
      value: 0
      objectReference: {fileID: 0}
    - target: {fileID: 485360, guid: d50f5f5d5a171443fa76bc1f6fc90473, type: 3}
      propertyPath: m_LocalEulerAnglesHint.z
      value: 0
      objectReference: {fileID: 0}
    m_RemovedComponents: []
  m_SourcePrefab: {fileID: 100100000, guid: d50f5f5d5a171443fa76bc1f6fc90473, type: 3}
--- !u!1 &1532040140
GameObject:
  m_ObjectHideFlags: 0
  m_CorrespondingSourceObject: {fileID: 0}
  m_PrefabInstance: {fileID: 0}
  m_PrefabAsset: {fileID: 0}
  serializedVersion: 6
  m_Component:
  - component: {fileID: 1532040141}
  m_Layer: 0
  m_Name: LugarDisparo
  m_TagString: Untagged
  m_Icon: {fileID: 0}
  m_NavMeshLayer: 0
  m_StaticEditorFlags: 0
  m_IsActive: 1
--- !u!4 &1532040141
Transform:
  m_ObjectHideFlags: 0
  m_CorrespondingSourceObject: {fileID: 0}
  m_PrefabInstance: {fileID: 0}
  m_PrefabAsset: {fileID: 0}
  m_GameObject: {fileID: 1532040140}
  m_LocalRotation: {x: 0.08126073, y: -0, z: -0, w: 0.99669296}
  m_LocalPosition: {x: -0.08, y: -1.06, z: 5.3}
  m_LocalScale: {x: 1, y: 1, z: 1}
  m_Children: []
  m_Father: {fileID: 553215738}
  m_RootOrder: 1
  m_LocalEulerAnglesHint: {x: 9.3220005, y: 0, z: 0}
--- !u!4 &1536630924 stripped
Transform:
  m_CorrespondingSourceObject: {fileID: -4216859302048453862, guid: bb55a0fbffe28dd478155f91107fc474,
    type: 3}
  m_PrefabInstance: {fileID: 200402177}
  m_PrefabAsset: {fileID: 0}
--- !u!1 &1602128615
GameObject:
  m_ObjectHideFlags: 0
  m_CorrespondingSourceObject: {fileID: 0}
  m_PrefabInstance: {fileID: 0}
  m_PrefabAsset: {fileID: 0}
  serializedVersion: 6
  m_Component:
  - component: {fileID: 1602128620}
  - component: {fileID: 1602128619}
  - component: {fileID: 1602128618}
  - component: {fileID: 1602128617}
  - component: {fileID: 1602128616}
  m_Layer: 0
  m_Name: "PruebaDeA\xF1adirArma2"
  m_TagString: Untagged
  m_Icon: {fileID: 0}
  m_NavMeshLayer: 0
  m_StaticEditorFlags: 0
  m_IsActive: 1
--- !u!114 &1602128616
MonoBehaviour:
  m_ObjectHideFlags: 0
  m_CorrespondingSourceObject: {fileID: 0}
  m_PrefabInstance: {fileID: 0}
  m_PrefabAsset: {fileID: 0}
  m_GameObject: {fileID: 1602128615}
  m_Enabled: 1
  m_EditorHideFlags: 0
  m_Script: {fileID: 11500000, guid: 18380b58ae9b9754ab3e74c507ac8e76, type: 3}
  m_Name: 
  m_EditorClassIdentifier: 
  arma: {fileID: 704455510}
--- !u!65 &1602128617
BoxCollider:
  m_ObjectHideFlags: 0
  m_CorrespondingSourceObject: {fileID: 0}
  m_PrefabInstance: {fileID: 0}
  m_PrefabAsset: {fileID: 0}
  m_GameObject: {fileID: 1602128615}
  m_Material: {fileID: 0}
  m_IsTrigger: 1
  m_Enabled: 1
  serializedVersion: 2
  m_Size: {x: 1.8017998, y: 1.3391533, z: 2.0221214}
  m_Center: {x: 0.0109939575, y: 0.1695767, z: -0.0505085}
--- !u!23 &1602128618
MeshRenderer:
  m_ObjectHideFlags: 0
  m_CorrespondingSourceObject: {fileID: 0}
  m_PrefabInstance: {fileID: 0}
  m_PrefabAsset: {fileID: 0}
  m_GameObject: {fileID: 1602128615}
  m_Enabled: 1
  m_CastShadows: 1
  m_ReceiveShadows: 1
  m_DynamicOccludee: 1
  m_MotionVectors: 1
  m_LightProbeUsage: 1
  m_ReflectionProbeUsage: 1
  m_RenderingLayerMask: 1
  m_RendererPriority: 0
  m_Materials:
  - {fileID: 10303, guid: 0000000000000000f000000000000000, type: 0}
  m_StaticBatchInfo:
    firstSubMesh: 0
    subMeshCount: 0
  m_StaticBatchRoot: {fileID: 0}
  m_ProbeAnchor: {fileID: 0}
  m_LightProbeVolumeOverride: {fileID: 0}
  m_ScaleInLightmap: 1
  m_ReceiveGI: 1
  m_PreserveUVs: 0
  m_IgnoreNormalsForChartDetection: 0
  m_ImportantGI: 0
  m_StitchLightmapSeams: 1
  m_SelectedEditorRenderState: 3
  m_MinimumChartSize: 4
  m_AutoUVMaxDistance: 0.5
  m_AutoUVMaxAngle: 89
  m_LightmapParameters: {fileID: 0}
  m_SortingLayerID: 0
  m_SortingLayer: 0
  m_SortingOrder: 0
--- !u!33 &1602128619
MeshFilter:
  m_ObjectHideFlags: 0
  m_CorrespondingSourceObject: {fileID: 0}
  m_PrefabInstance: {fileID: 0}
  m_PrefabAsset: {fileID: 0}
  m_GameObject: {fileID: 1602128615}
  m_Mesh: {fileID: 10202, guid: 0000000000000000e000000000000000, type: 0}
--- !u!4 &1602128620
Transform:
  m_ObjectHideFlags: 0
  m_CorrespondingSourceObject: {fileID: 0}
  m_PrefabInstance: {fileID: 0}
  m_PrefabAsset: {fileID: 0}
  m_GameObject: {fileID: 1602128615}
  m_LocalRotation: {x: 0, y: 0, z: 0, w: 1}
  m_LocalPosition: {x: 13.12, y: 0.5, z: 30}
  m_LocalScale: {x: 1, y: 1, z: 1}
  m_Children: []
  m_Father: {fileID: 0}
  m_RootOrder: 16
  m_LocalEulerAnglesHint: {x: 0, y: 0, z: 0}
--- !u!1 &1611483770
GameObject:
  m_ObjectHideFlags: 0
  m_CorrespondingSourceObject: {fileID: 0}
  m_PrefabInstance: {fileID: 0}
  m_PrefabAsset: {fileID: 0}
  serializedVersion: 6
  m_Component:
  - component: {fileID: 1611483771}
  m_Layer: 0
  m_Name: GameObject
  m_TagString: Untagged
  m_Icon: {fileID: 0}
  m_NavMeshLayer: 0
  m_StaticEditorFlags: 0
  m_IsActive: 1
--- !u!4 &1611483771
Transform:
  m_ObjectHideFlags: 0
  m_CorrespondingSourceObject: {fileID: 0}
  m_PrefabInstance: {fileID: 0}
  m_PrefabAsset: {fileID: 0}
  m_GameObject: {fileID: 1611483770}
  m_LocalRotation: {x: 0, y: 0.7071068, z: -0, w: -0.7071068}
  m_LocalPosition: {x: -5.630001, y: 0, z: 0}
  m_LocalScale: {x: 1, y: 1, z: 1}
  m_Children: []
  m_Father: {fileID: 1670806230}
  m_RootOrder: 2
  m_LocalEulerAnglesHint: {x: 0, y: 270, z: 0}
--- !u!1 &1614382309
GameObject:
  m_ObjectHideFlags: 0
  m_CorrespondingSourceObject: {fileID: 0}
  m_PrefabInstance: {fileID: 0}
  m_PrefabAsset: {fileID: 0}
  serializedVersion: 6
  m_Component:
  - component: {fileID: 1614382311}
  - component: {fileID: 1614382310}
  m_Layer: 0
  m_Name: ArmaNormal
  m_TagString: Untagged
  m_Icon: {fileID: 0}
  m_NavMeshLayer: 0
  m_StaticEditorFlags: 0
  m_IsActive: 1
--- !u!114 &1614382310
MonoBehaviour:
  m_ObjectHideFlags: 0
  m_CorrespondingSourceObject: {fileID: 0}
  m_PrefabInstance: {fileID: 0}
  m_PrefabAsset: {fileID: 0}
  m_GameObject: {fileID: 1614382309}
  m_Enabled: 1
  m_EditorHideFlags: 0
  m_Script: {fileID: 11500000, guid: f7c3c385291be0045bcc72135d7c9c1d, type: 3}
  m_Name: 
  m_EditorClassIdentifier: 
  fireType: 0
--- !u!4 &1614382311
Transform:
  m_ObjectHideFlags: 0
  m_CorrespondingSourceObject: {fileID: 0}
  m_PrefabInstance: {fileID: 0}
  m_PrefabAsset: {fileID: 0}
  m_GameObject: {fileID: 1614382309}
  m_LocalRotation: {x: -0, y: -0, z: -0, w: 1}
  m_LocalPosition: {x: 0, y: 0, z: 0}
  m_LocalScale: {x: 1, y: 1, z: 1}
  m_Children: []
  m_Father: {fileID: 2103287786}
  m_RootOrder: 2
  m_LocalEulerAnglesHint: {x: 0, y: 0, z: 0}
--- !u!1 &1670806228 stripped
GameObject:
  m_CorrespondingSourceObject: {fileID: -927199367670048503, guid: d316caeebdb34dc4793d89c000eecc49,
    type: 3}
  m_PrefabInstance: {fileID: 1841027880}
  m_PrefabAsset: {fileID: 0}
--- !u!114 &1670806229
MonoBehaviour:
  m_ObjectHideFlags: 0
  m_CorrespondingSourceObject: {fileID: 0}
  m_PrefabInstance: {fileID: 0}
  m_PrefabAsset: {fileID: 0}
  m_GameObject: {fileID: 1670806228}
  m_Enabled: 1
  m_EditorHideFlags: 0
  m_Script: {fileID: 11500000, guid: d6d16ef4dda42f249b5d76e54e97a27e, type: 3}
  m_Name: 
  m_EditorClassIdentifier: 
  velocidadRotacion: 6.24
  signo: 1
  tiempoRotacion: 2
  tiempoRotacionUsuario: 5
--- !u!4 &1670806230 stripped
Transform:
  m_CorrespondingSourceObject: {fileID: -4216859302048453862, guid: d316caeebdb34dc4793d89c000eecc49,
    type: 3}
  m_PrefabInstance: {fileID: 1841027880}
  m_PrefabAsset: {fileID: 0}
--- !u!1 &1780293525
GameObject:
  m_ObjectHideFlags: 0
  m_CorrespondingSourceObject: {fileID: 0}
  m_PrefabInstance: {fileID: 0}
  m_PrefabAsset: {fileID: 0}
  serializedVersion: 6
  m_Component:
  - component: {fileID: 1780293526}
  m_Layer: 0
  m_Name: parteDeArriba
  m_TagString: Untagged
  m_Icon: {fileID: 0}
  m_NavMeshLayer: 0
  m_StaticEditorFlags: 0
  m_IsActive: 1
--- !u!4 &1780293526
Transform:
  m_ObjectHideFlags: 0
  m_CorrespondingSourceObject: {fileID: 0}
  m_PrefabInstance: {fileID: 0}
  m_PrefabAsset: {fileID: 0}
  m_GameObject: {fileID: 1780293525}
  m_LocalRotation: {x: -0.06162845, y: -0.70441604, z: -0.06162845, w: 0.70441604}
  m_LocalPosition: {x: 0, y: 2.85, z: 0}
  m_LocalScale: {x: 1, y: 1, z: 1}
  m_Children:
  - {fileID: 280716472}
  - {fileID: 255170472}
  m_Father: {fileID: 974968964}
  m_RootOrder: 0
  m_LocalEulerAnglesHint: {x: -10, y: -90, z: 0}
--- !u!1001 &1798220290
PrefabInstance:
  m_ObjectHideFlags: 0
  serializedVersion: 2
  m_Modification:
    m_TransformParent: {fileID: 0}
    m_Modifications:
    - target: {fileID: 100000, guid: 11380b47be58c4fa78a82752a3f61daa, type: 3}
      propertyPath: m_Name
      value: Effect_04
      objectReference: {fileID: 0}
    - target: {fileID: 100000, guid: 11380b47be58c4fa78a82752a3f61daa, type: 3}
      propertyPath: m_IsActive
      value: 0
      objectReference: {fileID: 0}
    - target: {fileID: 400000, guid: 11380b47be58c4fa78a82752a3f61daa, type: 3}
      propertyPath: m_LocalPosition.x
      value: 14.911586
      objectReference: {fileID: 0}
    - target: {fileID: 400000, guid: 11380b47be58c4fa78a82752a3f61daa, type: 3}
      propertyPath: m_LocalPosition.y
      value: 0.8
      objectReference: {fileID: 0}
    - target: {fileID: 400000, guid: 11380b47be58c4fa78a82752a3f61daa, type: 3}
      propertyPath: m_LocalPosition.z
      value: 29.06636
      objectReference: {fileID: 0}
    - target: {fileID: 400000, guid: 11380b47be58c4fa78a82752a3f61daa, type: 3}
      propertyPath: m_LocalRotation.x
      value: 0
      objectReference: {fileID: 0}
    - target: {fileID: 400000, guid: 11380b47be58c4fa78a82752a3f61daa, type: 3}
      propertyPath: m_LocalRotation.y
      value: 0
      objectReference: {fileID: 0}
    - target: {fileID: 400000, guid: 11380b47be58c4fa78a82752a3f61daa, type: 3}
      propertyPath: m_LocalRotation.z
      value: 0
      objectReference: {fileID: 0}
    - target: {fileID: 400000, guid: 11380b47be58c4fa78a82752a3f61daa, type: 3}
      propertyPath: m_LocalRotation.w
      value: 1
      objectReference: {fileID: 0}
    - target: {fileID: 400000, guid: 11380b47be58c4fa78a82752a3f61daa, type: 3}
      propertyPath: m_RootOrder
      value: 8
      objectReference: {fileID: 0}
    - target: {fileID: 400000, guid: 11380b47be58c4fa78a82752a3f61daa, type: 3}
      propertyPath: m_LocalEulerAnglesHint.x
      value: 0
      objectReference: {fileID: 0}
    - target: {fileID: 400000, guid: 11380b47be58c4fa78a82752a3f61daa, type: 3}
      propertyPath: m_LocalEulerAnglesHint.y
      value: 0
      objectReference: {fileID: 0}
    - target: {fileID: 400000, guid: 11380b47be58c4fa78a82752a3f61daa, type: 3}
      propertyPath: m_LocalEulerAnglesHint.z
      value: 0
      objectReference: {fileID: 0}
    m_RemovedComponents: []
  m_SourcePrefab: {fileID: 100100000, guid: 11380b47be58c4fa78a82752a3f61daa, type: 3}
--- !u!1 &1813961056
GameObject:
  m_ObjectHideFlags: 0
  m_CorrespondingSourceObject: {fileID: 0}
  m_PrefabInstance: {fileID: 0}
  m_PrefabAsset: {fileID: 0}
  serializedVersion: 6
  m_Component:
  - component: {fileID: 1813961059}
  - component: {fileID: 1813961058}
  - component: {fileID: 1813961057}
  m_Layer: 8
  m_Name: Terrain
  m_TagString: Untagged
  m_Icon: {fileID: 0}
  m_NavMeshLayer: 0
  m_StaticEditorFlags: 4294967295
  m_IsActive: 1
--- !u!154 &1813961057
TerrainCollider:
  m_ObjectHideFlags: 0
  m_CorrespondingSourceObject: {fileID: 0}
  m_PrefabInstance: {fileID: 0}
  m_PrefabAsset: {fileID: 0}
  m_GameObject: {fileID: 1813961056}
  m_Material: {fileID: 0}
  m_Enabled: 1
  m_TerrainData: {fileID: 15600000, guid: 14689f2c079d85b448cd193bd0b4422e, type: 2}
  m_EnableTreeColliders: 1
--- !u!218 &1813961058
Terrain:
  m_ObjectHideFlags: 0
  m_CorrespondingSourceObject: {fileID: 0}
  m_PrefabInstance: {fileID: 0}
  m_PrefabAsset: {fileID: 0}
  m_GameObject: {fileID: 1813961056}
  m_Enabled: 1
  serializedVersion: 5
  m_TerrainData: {fileID: 15600000, guid: 14689f2c079d85b448cd193bd0b4422e, type: 2}
  m_TreeDistance: 5000
  m_TreeBillboardDistance: 50
  m_TreeCrossFadeLength: 5
  m_TreeMaximumFullLODCount: 50
  m_DetailObjectDistance: 80
  m_DetailObjectDensity: 1
  m_HeightmapPixelError: 5
  m_SplatMapDistance: 1000
  m_HeightmapMaximumLOD: 0
  m_ShadowCastingMode: 2
  m_DrawHeightmap: 1
  m_DrawInstanced: 0
  m_DrawTreesAndFoliage: 1
  m_ReflectionProbeUsage: 1
  m_MaterialTemplate: {fileID: 10652, guid: 0000000000000000f000000000000000, type: 0}
  m_BakeLightProbesForTrees: 1
  m_PreserveTreePrototypeLayers: 0
  m_DeringLightProbesForTrees: 1
  m_ScaleInLightmap: 0.0256
  m_LightmapParameters: {fileID: 15203, guid: 0000000000000000f000000000000000, type: 0}
  m_GroupingID: 0
  m_AllowAutoConnect: 1
--- !u!4 &1813961059
Transform:
  m_ObjectHideFlags: 0
  m_CorrespondingSourceObject: {fileID: 0}
  m_PrefabInstance: {fileID: 0}
  m_PrefabAsset: {fileID: 0}
  m_GameObject: {fileID: 1813961056}
  m_LocalRotation: {x: 0, y: 0, z: 0, w: 1}
  m_LocalPosition: {x: 0, y: 0, z: 0}
  m_LocalScale: {x: 1, y: 1, z: 1}
  m_Children: []
  m_Father: {fileID: 0}
  m_RootOrder: 10
  m_LocalEulerAnglesHint: {x: 0, y: 0, z: 0}
--- !u!1001 &1841027880
PrefabInstance:
  m_ObjectHideFlags: 0
  serializedVersion: 2
  m_Modification:
    m_TransformParent: {fileID: 0}
    m_Modifications:
    - target: {fileID: -927199367670048503, guid: d316caeebdb34dc4793d89c000eecc49,
        type: 3}
      propertyPath: m_Name
      value: ArribaTorreta
      objectReference: {fileID: 0}
    - target: {fileID: -4216859302048453862, guid: d316caeebdb34dc4793d89c000eecc49,
        type: 3}
      propertyPath: m_LocalPosition.x
      value: 38.083096
      objectReference: {fileID: 0}
    - target: {fileID: -4216859302048453862, guid: d316caeebdb34dc4793d89c000eecc49,
        type: 3}
      propertyPath: m_LocalPosition.y
      value: 0.7
      objectReference: {fileID: 0}
    - target: {fileID: -4216859302048453862, guid: d316caeebdb34dc4793d89c000eecc49,
        type: 3}
      propertyPath: m_LocalPosition.z
      value: 32.816933
      objectReference: {fileID: 0}
    - target: {fileID: -4216859302048453862, guid: d316caeebdb34dc4793d89c000eecc49,
        type: 3}
      propertyPath: m_LocalRotation.x
      value: 0
      objectReference: {fileID: 0}
    - target: {fileID: -4216859302048453862, guid: d316caeebdb34dc4793d89c000eecc49,
        type: 3}
      propertyPath: m_LocalRotation.y
      value: 0
      objectReference: {fileID: 0}
    - target: {fileID: -4216859302048453862, guid: d316caeebdb34dc4793d89c000eecc49,
        type: 3}
      propertyPath: m_LocalRotation.z
      value: 0
      objectReference: {fileID: 0}
    - target: {fileID: -4216859302048453862, guid: d316caeebdb34dc4793d89c000eecc49,
        type: 3}
      propertyPath: m_LocalRotation.w
      value: 1
      objectReference: {fileID: 0}
    - target: {fileID: -4216859302048453862, guid: d316caeebdb34dc4793d89c000eecc49,
        type: 3}
      propertyPath: m_RootOrder
      value: 1
      objectReference: {fileID: 0}
    - target: {fileID: -4216859302048453862, guid: d316caeebdb34dc4793d89c000eecc49,
        type: 3}
      propertyPath: m_LocalEulerAnglesHint.x
      value: 0
      objectReference: {fileID: 0}
    - target: {fileID: -4216859302048453862, guid: d316caeebdb34dc4793d89c000eecc49,
        type: 3}
      propertyPath: m_LocalEulerAnglesHint.y
      value: 0
      objectReference: {fileID: 0}
    - target: {fileID: -4216859302048453862, guid: d316caeebdb34dc4793d89c000eecc49,
        type: 3}
      propertyPath: m_LocalEulerAnglesHint.z
      value: 0
      objectReference: {fileID: 0}
    m_RemovedComponents: []
  m_SourcePrefab: {fileID: 100100000, guid: d316caeebdb34dc4793d89c000eecc49, type: 3}
--- !u!1001 &1900378844
PrefabInstance:
  m_ObjectHideFlags: 0
  serializedVersion: 2
  m_Modification:
    m_TransformParent: {fileID: 974968964}
    m_Modifications:
    - target: {fileID: -927199367670048503, guid: bb55a0fbffe28dd478155f91107fc474,
        type: 3}
      propertyPath: m_Name
      value: BaseTorreta
      objectReference: {fileID: 0}
    - target: {fileID: -4216859302048453862, guid: bb55a0fbffe28dd478155f91107fc474,
        type: 3}
      propertyPath: m_LocalPosition.x
      value: 0
      objectReference: {fileID: 0}
    - target: {fileID: -4216859302048453862, guid: bb55a0fbffe28dd478155f91107fc474,
        type: 3}
      propertyPath: m_LocalPosition.y
      value: 0
      objectReference: {fileID: 0}
    - target: {fileID: -4216859302048453862, guid: bb55a0fbffe28dd478155f91107fc474,
        type: 3}
      propertyPath: m_LocalPosition.z
      value: 0
      objectReference: {fileID: 0}
    - target: {fileID: -4216859302048453862, guid: bb55a0fbffe28dd478155f91107fc474,
        type: 3}
      propertyPath: m_LocalRotation.x
      value: -0
      objectReference: {fileID: 0}
    - target: {fileID: -4216859302048453862, guid: bb55a0fbffe28dd478155f91107fc474,
        type: 3}
      propertyPath: m_LocalRotation.y
      value: -0
      objectReference: {fileID: 0}
    - target: {fileID: -4216859302048453862, guid: bb55a0fbffe28dd478155f91107fc474,
        type: 3}
      propertyPath: m_LocalRotation.z
      value: -0
      objectReference: {fileID: 0}
    - target: {fileID: -4216859302048453862, guid: bb55a0fbffe28dd478155f91107fc474,
        type: 3}
      propertyPath: m_LocalRotation.w
      value: 1
      objectReference: {fileID: 0}
    - target: {fileID: -4216859302048453862, guid: bb55a0fbffe28dd478155f91107fc474,
        type: 3}
      propertyPath: m_RootOrder
      value: 1
      objectReference: {fileID: 0}
    - target: {fileID: -4216859302048453862, guid: bb55a0fbffe28dd478155f91107fc474,
        type: 3}
      propertyPath: m_LocalEulerAnglesHint.x
      value: 0
      objectReference: {fileID: 0}
    - target: {fileID: -4216859302048453862, guid: bb55a0fbffe28dd478155f91107fc474,
        type: 3}
      propertyPath: m_LocalEulerAnglesHint.y
      value: 0
      objectReference: {fileID: 0}
    - target: {fileID: -4216859302048453862, guid: bb55a0fbffe28dd478155f91107fc474,
        type: 3}
      propertyPath: m_LocalEulerAnglesHint.z
      value: 0
      objectReference: {fileID: 0}
    m_RemovedComponents: []
  m_SourcePrefab: {fileID: 100100000, guid: bb55a0fbffe28dd478155f91107fc474, type: 3}
--- !u!4 &1984873113 stripped
Transform:
  m_CorrespondingSourceObject: {fileID: -4216859302048453862, guid: bb55a0fbffe28dd478155f91107fc474,
    type: 3}
  m_PrefabInstance: {fileID: 1900378844}
  m_PrefabAsset: {fileID: 0}
--- !u!1 &1997773208
GameObject:
  m_ObjectHideFlags: 0
  m_CorrespondingSourceObject: {fileID: 0}
  m_PrefabInstance: {fileID: 0}
  m_PrefabAsset: {fileID: 0}
  serializedVersion: 6
  m_Component:
  - component: {fileID: 1997773209}
  - component: {fileID: 1997773211}
  - component: {fileID: 1997773210}
  - component: {fileID: 1997773212}
  m_Layer: 5
  m_Name: MirasControlador
  m_TagString: Untagged
  m_Icon: {fileID: 0}
  m_NavMeshLayer: 0
  m_StaticEditorFlags: 0
  m_IsActive: 1
--- !u!224 &1997773209
RectTransform:
  m_ObjectHideFlags: 0
  m_CorrespondingSourceObject: {fileID: 0}
  m_PrefabInstance: {fileID: 0}
  m_PrefabAsset: {fileID: 0}
  m_GameObject: {fileID: 1997773208}
  m_LocalRotation: {x: 0, y: 0, z: 0, w: 1}
  m_LocalPosition: {x: 0, y: 0, z: 0}
  m_LocalScale: {x: 1, y: 1, z: 1}
  m_Children: []
  m_Father: {fileID: 409529967}
  m_RootOrder: 0
  m_LocalEulerAnglesHint: {x: 0, y: 0, z: 0}
  m_AnchorMin: {x: 0.5, y: 0.5}
  m_AnchorMax: {x: 0.5, y: 0.5}
  m_AnchoredPosition: {x: 0, y: 0}
  m_SizeDelta: {x: 500, y: 350.8}
  m_Pivot: {x: 0.5, y: 0.5}
--- !u!114 &1997773210
MonoBehaviour:
  m_ObjectHideFlags: 0
  m_CorrespondingSourceObject: {fileID: 0}
  m_PrefabInstance: {fileID: 0}
  m_PrefabAsset: {fileID: 0}
  m_GameObject: {fileID: 1997773208}
  m_Enabled: 1
  m_EditorHideFlags: 0
  m_Script: {fileID: 11500000, guid: fe87c0e1cc204ed48ad3b37840f39efc, type: 3}
  m_Name: 
  m_EditorClassIdentifier: 
  m_Material: {fileID: 0}
  m_Color: {r: 1, g: 1, b: 1, a: 1}
  m_RaycastTarget: 1
  m_OnCullStateChanged:
    m_PersistentCalls:
      m_Calls: []
  m_Sprite: {fileID: 21300000, guid: 9f00d2fe8d25dd245926b61919470867, type: 3}
  m_Type: 0
  m_PreserveAspect: 0
  m_FillCenter: 1
  m_FillMethod: 4
  m_FillAmount: 1
  m_FillClockwise: 1
  m_FillOrigin: 0
  m_UseSpriteMesh: 0
  m_PixelsPerUnitMultiplier: 1
--- !u!222 &1997773211
CanvasRenderer:
  m_ObjectHideFlags: 0
  m_CorrespondingSourceObject: {fileID: 0}
  m_PrefabInstance: {fileID: 0}
  m_PrefabAsset: {fileID: 0}
  m_GameObject: {fileID: 1997773208}
  m_CullTransparentMesh: 0
--- !u!114 &1997773212
MonoBehaviour:
  m_ObjectHideFlags: 0
  m_CorrespondingSourceObject: {fileID: 0}
  m_PrefabInstance: {fileID: 0}
  m_PrefabAsset: {fileID: 0}
  m_GameObject: {fileID: 1997773208}
  m_Enabled: 1
  m_EditorHideFlags: 0
  m_Script: {fileID: 11500000, guid: 045403e4f0613c14fa304b0ac61c41a6, type: 3}
  m_Name: 
  m_EditorClassIdentifier: 
  miraStandar: {fileID: 21300000, guid: 9f00d2fe8d25dd245926b61919470867, type: 3}
  miraLanzaGranadas: {fileID: 21300000, guid: b9ffc99de347f7343892c9d77d0c6320, type: 3}
  miraRayo: {fileID: 21300000, guid: f286aba859f475a43902d2685c633980, type: 3}
  weapon_Manager: {fileID: 2103287788}
--- !u!1 &2022314937
GameObject:
  m_ObjectHideFlags: 0
  m_CorrespondingSourceObject: {fileID: 0}
  m_PrefabInstance: {fileID: 0}
  m_PrefabAsset: {fileID: 0}
  serializedVersion: 6
  m_Component:
  - component: {fileID: 2022314939}
  - component: {fileID: 2022314938}
  m_Layer: 0
  m_Name: GameManagerPrueba
  m_TagString: Untagged
  m_Icon: {fileID: 0}
  m_NavMeshLayer: 0
  m_StaticEditorFlags: 0
  m_IsActive: 1
--- !u!114 &2022314938
MonoBehaviour:
  m_ObjectHideFlags: 0
  m_CorrespondingSourceObject: {fileID: 0}
  m_PrefabInstance: {fileID: 0}
  m_PrefabAsset: {fileID: 0}
  m_GameObject: {fileID: 2022314937}
  m_Enabled: 1
  m_EditorHideFlags: 0
  m_Script: {fileID: 11500000, guid: 8bc7da2cd43adb2409f7c390527e09a1, type: 3}
  m_Name: 
  m_EditorClassIdentifier: 
--- !u!4 &2022314939
Transform:
  m_ObjectHideFlags: 0
  m_CorrespondingSourceObject: {fileID: 0}
  m_PrefabInstance: {fileID: 0}
  m_PrefabAsset: {fileID: 0}
  m_GameObject: {fileID: 2022314937}
  m_LocalRotation: {x: 0, y: 0, z: 0, w: 1}
  m_LocalPosition: {x: 6.0202575, y: -1.9446727, z: 4.9580026}
  m_LocalScale: {x: 1, y: 1, z: 1}
  m_Children: []
  m_Father: {fileID: 0}
  m_RootOrder: 21
  m_LocalEulerAnglesHint: {x: 0, y: 0, z: 0}
--- !u!4 &2048003634 stripped
Transform:
  m_CorrespondingSourceObject: {fileID: -4216859302048453862, guid: d316caeebdb34dc4793d89c000eecc49,
    type: 3}
  m_PrefabInstance: {fileID: 426395134}
  m_PrefabAsset: {fileID: 0}
--- !u!1 &2103287785
GameObject:
  m_ObjectHideFlags: 0
  m_CorrespondingSourceObject: {fileID: 0}
  m_PrefabInstance: {fileID: 0}
  m_PrefabAsset: {fileID: 0}
  serializedVersion: 6
  m_Component:
  - component: {fileID: 2103287786}
  - component: {fileID: 2103287787}
  - component: {fileID: 2103287788}
  - component: {fileID: 2103287789}
  m_Layer: 0
  m_Name: TiposDeArmas
  m_TagString: Untagged
  m_Icon: {fileID: 0}
  m_NavMeshLayer: 0
  m_StaticEditorFlags: 0
  m_IsActive: 1
--- !u!4 &2103287786
Transform:
  m_ObjectHideFlags: 0
  m_CorrespondingSourceObject: {fileID: 0}
  m_PrefabInstance: {fileID: 0}
  m_PrefabAsset: {fileID: 0}
  m_GameObject: {fileID: 2103287785}
  m_LocalRotation: {x: -0, y: -0, z: -0, w: 1}
  m_LocalPosition: {x: 0, y: 0, z: 0}
  m_LocalScale: {x: 1, y: 1, z: 1}
  m_Children:
  - {fileID: 510010651}
  - {fileID: 1329814689}
  - {fileID: 1614382311}
  - {fileID: 704455511}
  m_Father: {fileID: 963194228}
  m_RootOrder: 0
  m_LocalEulerAnglesHint: {x: 0, y: 0, z: 0}
--- !u!114 &2103287787
MonoBehaviour:
  m_ObjectHideFlags: 0
  m_CorrespondingSourceObject: {fileID: 0}
  m_PrefabInstance: {fileID: 0}
  m_PrefabAsset: {fileID: 0}
  m_GameObject: {fileID: 2103287785}
  m_Enabled: 0
  m_EditorHideFlags: 0
  m_Script: {fileID: 11500000, guid: 9608980b29fb0754cb41f4e20c4df0f1, type: 3}
  m_Name: 
  m_EditorClassIdentifier: 
  selectedWeapon: 0
--- !u!114 &2103287788
MonoBehaviour:
  m_ObjectHideFlags: 0
  m_CorrespondingSourceObject: {fileID: 0}
  m_PrefabInstance: {fileID: 0}
  m_PrefabAsset: {fileID: 0}
  m_GameObject: {fileID: 2103287785}
  m_Enabled: 1
  m_EditorHideFlags: 0
  m_Script: {fileID: 11500000, guid: f6c1454a97213404f88da3247709f2dc, type: 3}
  m_Name: 
  m_EditorClassIdentifier: 
  weaponsPrueba:
  - {fileID: 1614382310}
  current_Weapon_Index: 0
  armaQueTengo: 0
--- !u!114 &2103287789
MonoBehaviour:
  m_ObjectHideFlags: 0
  m_CorrespondingSourceObject: {fileID: 0}
  m_PrefabInstance: {fileID: 0}
  m_PrefabAsset: {fileID: 0}
  m_GameObject: {fileID: 2103287785}
  m_Enabled: 1
  m_EditorHideFlags: 0
  m_Script: {fileID: 11500000, guid: 0e4e98b92242427408c14f66a204f563, type: 3}
  m_Name: 
  m_EditorClassIdentifier: 
  weapon_Manager: {fileID: 0}
  damage: 20
  balaStandar: {fileID: 7871023465658005427, guid: 9a0c3383523899643a8d0661cfaca4e4,
    type: 3}
  balaExplosiva: {fileID: 3047922830652530556, guid: 9e3658d174c1870499b07171e30153fa,
    type: 3}
  fuerzaBalaStandar: 222.5
  fuerzaBalaExplosiva: 30.71
  nexFire: 0.5
  myTime: 0
  velocidadDisparo: 0.2
  lugarDisparo: {fileID: 510010651}
  lugarDisparoExplosivo: {fileID: 1329814689}
  municion: {fileID: 1502123956}
  camera: {fileID: 963194227}
  alcance: 500
--- !u!1001 &8151448383511137402
PrefabInstance:
  m_ObjectHideFlags: 0
  serializedVersion: 2
  m_Modification:
    m_TransformParent: {fileID: 0}
    m_Modifications:
    - target: {fileID: 8151448383057160021, guid: ff601a5aa101e914d9ab2990d2505c14,
        type: 3}
      propertyPath: m_Name
      value: Effect_06
      objectReference: {fileID: 0}
    - target: {fileID: 8151448383057160021, guid: ff601a5aa101e914d9ab2990d2505c14,
        type: 3}
      propertyPath: m_IsActive
      value: 0
      objectReference: {fileID: 0}
    - target: {fileID: 8151448383056935797, guid: ff601a5aa101e914d9ab2990d2505c14,
        type: 3}
      propertyPath: m_LocalPosition.x
      value: 14.02
      objectReference: {fileID: 0}
    - target: {fileID: 8151448383056935797, guid: ff601a5aa101e914d9ab2990d2505c14,
        type: 3}
      propertyPath: m_LocalPosition.y
      value: 0.55
      objectReference: {fileID: 0}
    - target: {fileID: 8151448383056935797, guid: ff601a5aa101e914d9ab2990d2505c14,
        type: 3}
      propertyPath: m_LocalPosition.z
      value: 32.81
      objectReference: {fileID: 0}
    - target: {fileID: 8151448383056935797, guid: ff601a5aa101e914d9ab2990d2505c14,
        type: 3}
      propertyPath: m_LocalRotation.x
      value: 0
      objectReference: {fileID: 0}
    - target: {fileID: 8151448383056935797, guid: ff601a5aa101e914d9ab2990d2505c14,
        type: 3}
      propertyPath: m_LocalRotation.y
      value: 0
      objectReference: {fileID: 0}
    - target: {fileID: 8151448383056935797, guid: ff601a5aa101e914d9ab2990d2505c14,
        type: 3}
      propertyPath: m_LocalRotation.z
      value: 0
      objectReference: {fileID: 0}
    - target: {fileID: 8151448383056935797, guid: ff601a5aa101e914d9ab2990d2505c14,
        type: 3}
      propertyPath: m_LocalRotation.w
      value: 1
      objectReference: {fileID: 0}
    - target: {fileID: 8151448383056935797, guid: ff601a5aa101e914d9ab2990d2505c14,
        type: 3}
      propertyPath: m_RootOrder
      value: 4
      objectReference: {fileID: 0}
    - target: {fileID: 8151448383056935797, guid: ff601a5aa101e914d9ab2990d2505c14,
        type: 3}
      propertyPath: m_LocalEulerAnglesHint.x
      value: 0
      objectReference: {fileID: 0}
    - target: {fileID: 8151448383056935797, guid: ff601a5aa101e914d9ab2990d2505c14,
        type: 3}
      propertyPath: m_LocalEulerAnglesHint.y
      value: 0
      objectReference: {fileID: 0}
    - target: {fileID: 8151448383056935797, guid: ff601a5aa101e914d9ab2990d2505c14,
        type: 3}
      propertyPath: m_LocalEulerAnglesHint.z
      value: 0
      objectReference: {fileID: 0}
    - target: {fileID: 8151448383041732149, guid: ff601a5aa101e914d9ab2990d2505c14,
        type: 3}
      propertyPath: looping
      value: 0
      objectReference: {fileID: 0}
    - target: {fileID: 8151448383041732149, guid: ff601a5aa101e914d9ab2990d2505c14,
        type: 3}
      propertyPath: InitialModule.startSize.scalar
      value: 20
      objectReference: {fileID: 0}
    - target: {fileID: 8151448383041732149, guid: ff601a5aa101e914d9ab2990d2505c14,
        type: 3}
      propertyPath: InitialModule.startSpeed.scalar
      value: 0
      objectReference: {fileID: 0}
    - target: {fileID: 8151448383041732149, guid: ff601a5aa101e914d9ab2990d2505c14,
        type: 3}
      propertyPath: lengthInSec
      value: 5
      objectReference: {fileID: 0}
    - target: {fileID: 8151448383041732149, guid: ff601a5aa101e914d9ab2990d2505c14,
        type: 3}
      propertyPath: InitialModule.startLifetime.scalar
      value: 64
      objectReference: {fileID: 0}
    m_RemovedComponents: []
  m_SourcePrefab: {fileID: 100100000, guid: ff601a5aa101e914d9ab2990d2505c14, type: 3}
