%YAML 1.1
%TAG !u! tag:unity3d.com,2011:
--- !u!1 &6882602167586813568
GameObject:
  m_ObjectHideFlags: 0
  m_CorrespondingSourceObject: {fileID: 0}
  m_PrefabInstance: {fileID: 0}
  m_PrefabAsset: {fileID: 0}
  serializedVersion: 6
  m_Component:
  - component: {fileID: 482391926322212600}
  m_Layer: 0
  m_Name: Visual
  m_TagString: Untagged
  m_Icon: {fileID: 0}
  m_NavMeshLayer: 0
  m_StaticEditorFlags: 0
  m_IsActive: 1
--- !u!4 &482391926322212600
Transform:
  m_ObjectHideFlags: 0
  m_CorrespondingSourceObject: {fileID: 0}
  m_PrefabInstance: {fileID: 0}
  m_PrefabAsset: {fileID: 0}
  m_GameObject: {fileID: 6882602167586813568}
  m_LocalRotation: {x: 0, y: 0, z: 0, w: 1}
  m_LocalPosition: {x: 0, y: 0, z: 0}
  m_LocalScale: {x: 1, y: 1, z: 1}
  m_Children:
  - {fileID: 5927288560916385898}
  - {fileID: 3458551417821268609}
  m_Father: {fileID: 8729793772618649187}
  m_RootOrder: 0
  m_LocalEulerAnglesHint: {x: 0, y: 0, z: 0}
--- !u!1 &8729793772618649192
GameObject:
  m_ObjectHideFlags: 0
  m_CorrespondingSourceObject: {fileID: 0}
  m_PrefabInstance: {fileID: 0}
  m_PrefabAsset: {fileID: 0}
  serializedVersion: 6
  m_Component:
  - component: {fileID: 8729793772618649187}
  - component: {fileID: 8729793772618649188}
  - component: {fileID: 8729793772618649189}
  - component: {fileID: 8729793772618649190}
  - component: {fileID: 8729793772618649191}
  - component: {fileID: 3502199317130014316}
  m_Layer: 0
  m_Name: EquiperArmaExplosivo
  m_TagString: Untagged
  m_Icon: {fileID: 0}
  m_NavMeshLayer: 0
  m_StaticEditorFlags: 0
  m_IsActive: 1
--- !u!4 &8729793772618649187
Transform:
  m_ObjectHideFlags: 0
  m_CorrespondingSourceObject: {fileID: 0}
  m_PrefabInstance: {fileID: 0}
  m_PrefabAsset: {fileID: 0}
  m_GameObject: {fileID: 8729793772618649192}
  m_LocalRotation: {x: 0, y: 0, z: 0, w: 1}
  m_LocalPosition: {x: 13.12, y: 0.5, z: 30}
  m_LocalScale: {x: 1, y: 1, z: 1}
  m_Children:
  - {fileID: 482391926322212600}
  m_Father: {fileID: 0}
  m_RootOrder: 0
  m_LocalEulerAnglesHint: {x: 0, y: 0, z: 0}
--- !u!33 &8729793772618649188
MeshFilter:
  m_ObjectHideFlags: 0
  m_CorrespondingSourceObject: {fileID: 0}
  m_PrefabInstance: {fileID: 0}
  m_PrefabAsset: {fileID: 0}
  m_GameObject: {fileID: 8729793772618649192}
  m_Mesh: {fileID: 10202, guid: 0000000000000000e000000000000000, type: 0}
--- !u!23 &8729793772618649189
MeshRenderer:
  m_ObjectHideFlags: 0
  m_CorrespondingSourceObject: {fileID: 0}
  m_PrefabInstance: {fileID: 0}
  m_PrefabAsset: {fileID: 0}
  m_GameObject: {fileID: 8729793772618649192}
  m_Enabled: 0
  m_CastShadows: 1
  m_ReceiveShadows: 1
  m_DynamicOccludee: 1
  m_MotionVectors: 1
  m_LightProbeUsage: 1
  m_ReflectionProbeUsage: 1
  m_RenderingLayerMask: 1
  m_RendererPriority: 0
  m_Materials:
  - {fileID: 10303, guid: 0000000000000000f000000000000000, type: 0}
  m_StaticBatchInfo:
    firstSubMesh: 0
    subMeshCount: 0
  m_StaticBatchRoot: {fileID: 0}
  m_ProbeAnchor: {fileID: 0}
  m_LightProbeVolumeOverride: {fileID: 0}
  m_ScaleInLightmap: 1
  m_ReceiveGI: 1
  m_PreserveUVs: 0
  m_IgnoreNormalsForChartDetection: 0
  m_ImportantGI: 0
  m_StitchLightmapSeams: 1
  m_SelectedEditorRenderState: 3
  m_MinimumChartSize: 4
  m_AutoUVMaxDistance: 0.5
  m_AutoUVMaxAngle: 89
  m_LightmapParameters: {fileID: 0}
  m_SortingLayerID: 0
  m_SortingLayer: 0
  m_SortingOrder: 0
--- !u!65 &8729793772618649190
BoxCollider:
  m_ObjectHideFlags: 0
  m_CorrespondingSourceObject: {fileID: 0}
  m_PrefabInstance: {fileID: 0}
  m_PrefabAsset: {fileID: 0}
  m_GameObject: {fileID: 8729793772618649192}
  m_Material: {fileID: 0}
  m_IsTrigger: 1
  m_Enabled: 1
  serializedVersion: 2
  m_Size: {x: 1.8017998, y: 1.3391533, z: 2.0221214}
  m_Center: {x: 0.0109939575, y: 0.1695767, z: -0.0505085}
--- !u!114 &8729793772618649191
MonoBehaviour:
  m_ObjectHideFlags: 0
  m_CorrespondingSourceObject: {fileID: 0}
  m_PrefabInstance: {fileID: 0}
  m_PrefabAsset: {fileID: 0}
  m_GameObject: {fileID: 8729793772618649192}
  m_Enabled: 1
  m_EditorHideFlags: 0
  m_Script: {fileID: 11500000, guid: fcdddfa509b537f4ba77cad068e87fed, type: 3}
  m_Name: 
  m_EditorClassIdentifier: 
  arma: {fileID: 0}
  velocidadRotacion: 25
  signo: 1
  tiempoUsuario: 1.5
--- !u!54 &3502199317130014316
Rigidbody:
  m_ObjectHideFlags: 0
  m_CorrespondingSourceObject: {fileID: 0}
  m_PrefabInstance: {fileID: 0}
  m_PrefabAsset: {fileID: 0}
  m_GameObject: {fileID: 8729793772618649192}
  serializedVersion: 2
  m_Mass: 1
  m_Drag: 0
  m_AngularDrag: 0.05
  m_UseGravity: 0
  m_IsKinematic: 0
  m_Interpolate: 0
  m_Constraints: 0
  m_CollisionDetection: 0
--- !u!1001 &3458551417821663233
PrefabInstance:
  m_ObjectHideFlags: 0
  serializedVersion: 2
  m_Modification:
    m_TransformParent: {fileID: 482391926322212600}
    m_Modifications:
    - target: {fileID: 100000, guid: 611050965a7b66143b84e5b62ae17405, type: 3}
      propertyPath: m_Name
      value: ShockWave_mesh
      objectReference: {fileID: 0}
    - target: {fileID: 400000, guid: 611050965a7b66143b84e5b62ae17405, type: 3}
      propertyPath: m_LocalPosition.x
      value: 0.09
      objectReference: {fileID: 0}
    - target: {fileID: 400000, guid: 611050965a7b66143b84e5b62ae17405, type: 3}
      propertyPath: m_LocalPosition.y
      value: -2.23
      objectReference: {fileID: 0}
    - target: {fileID: 400000, guid: 611050965a7b66143b84e5b62ae17405, type: 3}
      propertyPath: m_LocalPosition.z
      value: -0.01
      objectReference: {fileID: 0}
    - target: {fileID: 400000, guid: 611050965a7b66143b84e5b62ae17405, type: 3}
      propertyPath: m_LocalRotation.x
      value: -0
      objectReference: {fileID: 0}
    - target: {fileID: 400000, guid: 611050965a7b66143b84e5b62ae17405, type: 3}
      propertyPath: m_LocalRotation.y
      value: -0
      objectReference: {fileID: 0}
    - target: {fileID: 400000, guid: 611050965a7b66143b84e5b62ae17405, type: 3}
      propertyPath: m_LocalRotation.z
      value: -0
      objectReference: {fileID: 0}
    - target: {fileID: 400000, guid: 611050965a7b66143b84e5b62ae17405, type: 3}
      propertyPath: m_LocalRotation.w
      value: 1
      objectReference: {fileID: 0}
    - target: {fileID: 400000, guid: 611050965a7b66143b84e5b62ae17405, type: 3}
      propertyPath: m_RootOrder
      value: 1
      objectReference: {fileID: 0}
    - target: {fileID: 400000, guid: 611050965a7b66143b84e5b62ae17405, type: 3}
      propertyPath: m_LocalEulerAnglesHint.x
      value: 0
      objectReference: {fileID: 0}
    - target: {fileID: 400000, guid: 611050965a7b66143b84e5b62ae17405, type: 3}
      propertyPath: m_LocalEulerAnglesHint.y
      value: 0
      objectReference: {fileID: 0}
    - target: {fileID: 400000, guid: 611050965a7b66143b84e5b62ae17405, type: 3}
      propertyPath: m_LocalEulerAnglesHint.z
      value: 0
      objectReference: {fileID: 0}
    - target: {fileID: 400000, guid: 611050965a7b66143b84e5b62ae17405, type: 3}
      propertyPath: m_LocalScale.x
      value: 5.3025
      objectReference: {fileID: 0}
    - target: {fileID: 400000, guid: 611050965a7b66143b84e5b62ae17405, type: 3}
      propertyPath: m_LocalScale.y
      value: 5.3025
      objectReference: {fileID: 0}
    - target: {fileID: 400000, guid: 611050965a7b66143b84e5b62ae17405, type: 3}
      propertyPath: m_LocalScale.z
      value: 5.3025
      objectReference: {fileID: 0}
    m_RemovedComponents: []
  m_SourcePrefab: {fileID: 100100000, guid: 611050965a7b66143b84e5b62ae17405, type: 3}
--- !u!4 &3458551417821268609 stripped
Transform:
  m_CorrespondingSourceObject: {fileID: 400000, guid: 611050965a7b66143b84e5b62ae17405,
    type: 3}
  m_PrefabInstance: {fileID: 3458551417821663233}
  m_PrefabAsset: {fileID: 0}
--- !u!1001 &5931802129062504374
PrefabInstance:
  m_ObjectHideFlags: 0
  serializedVersion: 2
  m_Modification:
    m_TransformParent: {fileID: 482391926322212600}
    m_Modifications:
    - target: {fileID: 1294344428940038, guid: ce7dd31e70ae5f34aa7456b7d4994da8, type: 3}
      propertyPath: m_Name
      value: SM_Wep_Sniper_Scope_03
      objectReference: {fileID: 0}
    - target: {fileID: 1294344428940038, guid: ce7dd31e70ae5f34aa7456b7d4994da8, type: 3}
      propertyPath: m_IsActive
      value: 1
      objectReference: {fileID: 0}
    - target: {fileID: 4515769384007644, guid: ce7dd31e70ae5f34aa7456b7d4994da8, type: 3}
      propertyPath: m_LocalPosition.x
      value: -0
      objectReference: {fileID: 0}
    - target: {fileID: 4515769384007644, guid: ce7dd31e70ae5f34aa7456b7d4994da8, type: 3}
      propertyPath: m_LocalPosition.y
      value: -0.62537
      objectReference: {fileID: 0}
    - target: {fileID: 4515769384007644, guid: ce7dd31e70ae5f34aa7456b7d4994da8, type: 3}
      propertyPath: m_LocalPosition.z
      value: 0.0042076
      objectReference: {fileID: 0}
    - target: {fileID: 4515769384007644, guid: ce7dd31e70ae5f34aa7456b7d4994da8, type: 3}
      propertyPath: m_LocalRotation.x
      value: 0
      objectReference: {fileID: 0}
    - target: {fileID: 4515769384007644, guid: ce7dd31e70ae5f34aa7456b7d4994da8, type: 3}
      propertyPath: m_LocalRotation.y
      value: -0
      objectReference: {fileID: 0}
    - target: {fileID: 4515769384007644, guid: ce7dd31e70ae5f34aa7456b7d4994da8, type: 3}
      propertyPath: m_LocalRotation.z
      value: -0
      objectReference: {fileID: 0}
    - target: {fileID: 4515769384007644, guid: ce7dd31e70ae5f34aa7456b7d4994da8, type: 3}
      propertyPath: m_LocalRotation.w
      value: 1
      objectReference: {fileID: 0}
    - target: {fileID: 4515769384007644, guid: ce7dd31e70ae5f34aa7456b7d4994da8, type: 3}
      propertyPath: m_RootOrder
      value: 0
      objectReference: {fileID: 0}
    - target: {fileID: 4515769384007644, guid: ce7dd31e70ae5f34aa7456b7d4994da8, type: 3}
      propertyPath: m_LocalEulerAnglesHint.x
      value: 0
      objectReference: {fileID: 0}
    - target: {fileID: 4515769384007644, guid: ce7dd31e70ae5f34aa7456b7d4994da8, type: 3}
      propertyPath: m_LocalEulerAnglesHint.y
      value: 0
      objectReference: {fileID: 0}
    - target: {fileID: 4515769384007644, guid: ce7dd31e70ae5f34aa7456b7d4994da8, type: 3}
      propertyPath: m_LocalEulerAnglesHint.z
      value: 0
      objectReference: {fileID: 0}
    - target: {fileID: 4515769384007644, guid: ce7dd31e70ae5f34aa7456b7d4994da8, type: 3}
      propertyPath: m_LocalScale.x
      value: 16.025345
      objectReference: {fileID: 0}
    - target: {fileID: 4515769384007644, guid: ce7dd31e70ae5f34aa7456b7d4994da8, type: 3}
      propertyPath: m_LocalScale.y
      value: 16.025345
      objectReference: {fileID: 0}
    - target: {fileID: 4515769384007644, guid: ce7dd31e70ae5f34aa7456b7d4994da8, type: 3}
      propertyPath: m_LocalScale.z
      value: 16.025345
      objectReference: {fileID: 0}
    m_RemovedComponents: []
  m_SourcePrefab: {fileID: 100100000, guid: ce7dd31e70ae5f34aa7456b7d4994da8, type: 3}
--- !u!4 &5927288560916385898 stripped
Transform:
  m_CorrespondingSourceObject: {fileID: 4515769384007644, guid: ce7dd31e70ae5f34aa7456b7d4994da8,
    type: 3}
  m_PrefabInstance: {fileID: 5931802129062504374}
  m_PrefabAsset: {fileID: 0}
