%YAML 1.1
%TAG !u! tag:unity3d.com,2011:
--- !u!1 &3449463592827573212
GameObject:
  m_ObjectHideFlags: 0
  m_CorrespondingSourceObject: {fileID: 0}
  m_PrefabInstance: {fileID: 0}
  m_PrefabAsset: {fileID: 0}
  serializedVersion: 6
  m_Component:
  - component: {fileID: 3554913150023905401}
  m_Layer: 0
  m_Name: Visual
  m_TagString: Untagged
  m_Icon: {fileID: 0}
  m_NavMeshLayer: 0
  m_StaticEditorFlags: 0
  m_IsActive: 1
--- !u!4 &3554913150023905401
Transform:
  m_ObjectHideFlags: 0
  m_CorrespondingSourceObject: {fileID: 0}
  m_PrefabInstance: {fileID: 0}
  m_PrefabAsset: {fileID: 0}
  m_GameObject: {fileID: 3449463592827573212}
  m_LocalRotation: {x: 0, y: 0, z: 0, w: 1}
  m_LocalPosition: {x: 0, y: 0, z: 0}
  m_LocalScale: {x: 1, y: 1, z: 1}
  m_Children:
  - {fileID: 5217666551965039469}
  - {fileID: 8719344597633069355}
  m_Father: {fileID: 6560953121334936043}
  m_RootOrder: 0
  m_LocalEulerAnglesHint: {x: 0, y: 0, z: 0}
--- !u!1 &6560953121334936047
GameObject:
  m_ObjectHideFlags: 0
  m_CorrespondingSourceObject: {fileID: 0}
  m_PrefabInstance: {fileID: 0}
  m_PrefabAsset: {fileID: 0}
  serializedVersion: 6
  m_Component:
  - component: {fileID: 6560953121334936043}
  - component: {fileID: 6560953121334936044}
  - component: {fileID: 6560953121334936045}
  - component: {fileID: 6560953121334936046}
  - component: {fileID: 3004100740497363194}
  m_Layer: 0
  m_Name: "Munici\xF3n"
  m_TagString: municionStandar
  m_Icon: {fileID: 0}
  m_NavMeshLayer: 0
  m_StaticEditorFlags: 0
  m_IsActive: 1
--- !u!4 &6560953121334936043
Transform:
  m_ObjectHideFlags: 0
  m_CorrespondingSourceObject: {fileID: 0}
  m_PrefabInstance: {fileID: 0}
  m_PrefabAsset: {fileID: 0}
  m_GameObject: {fileID: 6560953121334936047}
  m_LocalRotation: {x: 0, y: 0, z: 0, w: 1}
  m_LocalPosition: {x: 23.63, y: 0.73, z: 21.85}
  m_LocalScale: {x: 1, y: 1, z: 1}
  m_Children:
  - {fileID: 3554913150023905401}
  m_Father: {fileID: 0}
  m_RootOrder: 0
  m_LocalEulerAnglesHint: {x: 0, y: 0, z: 0}
--- !u!33 &6560953121334936044
MeshFilter:
  m_ObjectHideFlags: 0
  m_CorrespondingSourceObject: {fileID: 0}
  m_PrefabInstance: {fileID: 0}
  m_PrefabAsset: {fileID: 0}
  m_GameObject: {fileID: 6560953121334936047}
  m_Mesh: {fileID: 10202, guid: 0000000000000000e000000000000000, type: 0}
--- !u!23 &6560953121334936045
MeshRenderer:
  m_ObjectHideFlags: 0
  m_CorrespondingSourceObject: {fileID: 0}
  m_PrefabInstance: {fileID: 0}
  m_PrefabAsset: {fileID: 0}
  m_GameObject: {fileID: 6560953121334936047}
  m_Enabled: 0
  m_CastShadows: 1
  m_ReceiveShadows: 1
  m_DynamicOccludee: 1
  m_MotionVectors: 1
  m_LightProbeUsage: 1
  m_ReflectionProbeUsage: 1
  m_RenderingLayerMask: 1
  m_RendererPriority: 0
  m_Materials:
  - {fileID: 10303, guid: 0000000000000000f000000000000000, type: 0}
  m_StaticBatchInfo:
    firstSubMesh: 0
    subMeshCount: 0
  m_StaticBatchRoot: {fileID: 0}
  m_ProbeAnchor: {fileID: 0}
  m_LightProbeVolumeOverride: {fileID: 0}
  m_ScaleInLightmap: 1
  m_ReceiveGI: 1
  m_PreserveUVs: 0
  m_IgnoreNormalsForChartDetection: 0
  m_ImportantGI: 0
  m_StitchLightmapSeams: 1
  m_SelectedEditorRenderState: 3
  m_MinimumChartSize: 4
  m_AutoUVMaxDistance: 0.5
  m_AutoUVMaxAngle: 89
  m_LightmapParameters: {fileID: 0}
  m_SortingLayerID: 0
  m_SortingLayer: 0
  m_SortingOrder: 0
--- !u!65 &6560953121334936046
BoxCollider:
  m_ObjectHideFlags: 0
  m_CorrespondingSourceObject: {fileID: 0}
  m_PrefabInstance: {fileID: 0}
  m_PrefabAsset: {fileID: 0}
  m_GameObject: {fileID: 6560953121334936047}
  m_Material: {fileID: 0}
  m_IsTrigger: 1
  m_Enabled: 1
  serializedVersion: 2
  m_Size: {x: 2.0047245, y: 1.4266071, z: 1.867321}
  m_Center: {x: 0.0044031143, y: 0.10273743, z: -0.037778854}
--- !u!114 &3004100740497363194
MonoBehaviour:
  m_ObjectHideFlags: 0
  m_CorrespondingSourceObject: {fileID: 0}
  m_PrefabInstance: {fileID: 0}
  m_PrefabAsset: {fileID: 0}
  m_GameObject: {fileID: 6560953121334936047}
  m_Enabled: 1
  m_EditorHideFlags: 0
  m_Script: {fileID: 11500000, guid: 6d62e6cd5e4e6a24b930deda92f385a7, type: 3}
  m_Name: 
  m_EditorClassIdentifier: 
  velocidadRotacion: 25
  signo: 1
  tiempoUsuario: 1
--- !u!1001 &5217221020598910559
PrefabInstance:
  m_ObjectHideFlags: 0
  serializedVersion: 2
  m_Modification:
    m_TransformParent: {fileID: 3554913150023905401}
    m_Modifications:
    - target: {fileID: 1470523515968574, guid: 1ae71e54124e7764ba9bedc951cc983d, type: 3}
      propertyPath: m_Name
      value: SM_Wep_Ammo_Battery_01
      objectReference: {fileID: 0}
    - target: {fileID: 4410097739466034, guid: 1ae71e54124e7764ba9bedc951cc983d, type: 3}
      propertyPath: m_LocalPosition.x
      value: -0
      objectReference: {fileID: 0}
    - target: {fileID: 4410097739466034, guid: 1ae71e54124e7764ba9bedc951cc983d, type: 3}
      propertyPath: m_LocalPosition.y
      value: 0
      objectReference: {fileID: 0}
    - target: {fileID: 4410097739466034, guid: 1ae71e54124e7764ba9bedc951cc983d, type: 3}
      propertyPath: m_LocalPosition.z
      value: 0
      objectReference: {fileID: 0}
    - target: {fileID: 4410097739466034, guid: 1ae71e54124e7764ba9bedc951cc983d, type: 3}
      propertyPath: m_LocalRotation.x
      value: 0
      objectReference: {fileID: 0}
    - target: {fileID: 4410097739466034, guid: 1ae71e54124e7764ba9bedc951cc983d, type: 3}
      propertyPath: m_LocalRotation.y
      value: -0
      objectReference: {fileID: 0}
    - target: {fileID: 4410097739466034, guid: 1ae71e54124e7764ba9bedc951cc983d, type: 3}
      propertyPath: m_LocalRotation.z
      value: -0
      objectReference: {fileID: 0}
    - target: {fileID: 4410097739466034, guid: 1ae71e54124e7764ba9bedc951cc983d, type: 3}
      propertyPath: m_LocalRotation.w
      value: 1
      objectReference: {fileID: 0}
    - target: {fileID: 4410097739466034, guid: 1ae71e54124e7764ba9bedc951cc983d, type: 3}
      propertyPath: m_RootOrder
      value: 0
      objectReference: {fileID: 0}
    - target: {fileID: 4410097739466034, guid: 1ae71e54124e7764ba9bedc951cc983d, type: 3}
      propertyPath: m_LocalEulerAnglesHint.x
      value: 0
      objectReference: {fileID: 0}
    - target: {fileID: 4410097739466034, guid: 1ae71e54124e7764ba9bedc951cc983d, type: 3}
      propertyPath: m_LocalEulerAnglesHint.y
      value: 0
      objectReference: {fileID: 0}
    - target: {fileID: 4410097739466034, guid: 1ae71e54124e7764ba9bedc951cc983d, type: 3}
      propertyPath: m_LocalEulerAnglesHint.z
      value: 0
      objectReference: {fileID: 0}
    - target: {fileID: 4410097739466034, guid: 1ae71e54124e7764ba9bedc951cc983d, type: 3}
      propertyPath: m_LocalScale.x
      value: 35.066
      objectReference: {fileID: 0}
    - target: {fileID: 4410097739466034, guid: 1ae71e54124e7764ba9bedc951cc983d, type: 3}
      propertyPath: m_LocalScale.y
      value: 35.066
      objectReference: {fileID: 0}
    - target: {fileID: 4410097739466034, guid: 1ae71e54124e7764ba9bedc951cc983d, type: 3}
      propertyPath: m_LocalScale.z
      value: 35.066
      objectReference: {fileID: 0}
    m_RemovedComponents: []
  m_SourcePrefab: {fileID: 100100000, guid: 1ae71e54124e7764ba9bedc951cc983d, type: 3}
--- !u!4 &5217666551965039469 stripped
Transform:
  m_CorrespondingSourceObject: {fileID: 4410097739466034, guid: 1ae71e54124e7764ba9bedc951cc983d,
    type: 3}
  m_PrefabInstance: {fileID: 5217221020598910559}
  m_PrefabAsset: {fileID: 0}
--- !u!1001 &8719344597633199019
PrefabInstance:
  m_ObjectHideFlags: 0
  serializedVersion: 2
  m_Modification:
    m_TransformParent: {fileID: 3554913150023905401}
    m_Modifications:
    - target: {fileID: 100000, guid: 611050965a7b66143b84e5b62ae17405, type: 3}
      propertyPath: m_Name
      value: ShockWave_mesh
      objectReference: {fileID: 0}
    - target: {fileID: 400000, guid: 611050965a7b66143b84e5b62ae17405, type: 3}
      propertyPath: m_LocalPosition.x
      value: -0
      objectReference: {fileID: 0}
    - target: {fileID: 400000, guid: 611050965a7b66143b84e5b62ae17405, type: 3}
      propertyPath: m_LocalPosition.y
      value: -1.71
      objectReference: {fileID: 0}
    - target: {fileID: 400000, guid: 611050965a7b66143b84e5b62ae17405, type: 3}
      propertyPath: m_LocalPosition.z
      value: -0.06
      objectReference: {fileID: 0}
    - target: {fileID: 400000, guid: 611050965a7b66143b84e5b62ae17405, type: 3}
      propertyPath: m_LocalRotation.x
      value: 0
      objectReference: {fileID: 0}
    - target: {fileID: 400000, guid: 611050965a7b66143b84e5b62ae17405, type: 3}
      propertyPath: m_LocalRotation.y
      value: -0
      objectReference: {fileID: 0}
    - target: {fileID: 400000, guid: 611050965a7b66143b84e5b62ae17405, type: 3}
      propertyPath: m_LocalRotation.z
      value: -0
      objectReference: {fileID: 0}
    - target: {fileID: 400000, guid: 611050965a7b66143b84e5b62ae17405, type: 3}
      propertyPath: m_LocalRotation.w
      value: 1
      objectReference: {fileID: 0}
    - target: {fileID: 400000, guid: 611050965a7b66143b84e5b62ae17405, type: 3}
      propertyPath: m_RootOrder
      value: 1
      objectReference: {fileID: 0}
    - target: {fileID: 400000, guid: 611050965a7b66143b84e5b62ae17405, type: 3}
      propertyPath: m_LocalEulerAnglesHint.x
      value: 0
      objectReference: {fileID: 0}
    - target: {fileID: 400000, guid: 611050965a7b66143b84e5b62ae17405, type: 3}
      propertyPath: m_LocalEulerAnglesHint.y
      value: 0
      objectReference: {fileID: 0}
    - target: {fileID: 400000, guid: 611050965a7b66143b84e5b62ae17405, type: 3}
      propertyPath: m_LocalEulerAnglesHint.z
      value: 0
      objectReference: {fileID: 0}
    - target: {fileID: 400000, guid: 611050965a7b66143b84e5b62ae17405, type: 3}
      propertyPath: m_LocalScale.x
      value: 3.1535
      objectReference: {fileID: 0}
    - target: {fileID: 400000, guid: 611050965a7b66143b84e5b62ae17405, type: 3}
      propertyPath: m_LocalScale.y
      value: 3.1535
      objectReference: {fileID: 0}
    - target: {fileID: 400000, guid: 611050965a7b66143b84e5b62ae17405, type: 3}
      propertyPath: m_LocalScale.z
      value: 3.1535
      objectReference: {fileID: 0}
    m_RemovedComponents: []
  m_SourcePrefab: {fileID: 100100000, guid: 611050965a7b66143b84e5b62ae17405, type: 3}
--- !u!4 &8719344597633069355 stripped
Transform:
  m_CorrespondingSourceObject: {fileID: 400000, guid: 611050965a7b66143b84e5b62ae17405,
    type: 3}
  m_PrefabInstance: {fileID: 8719344597633199019}
  m_PrefabAsset: {fileID: 0}
